@article{abu:youtube8m2016,
  title={{Y}ou{T}ube-8{M}: A large-scale video classification benchmark},
  author={Abu-El-Haija, Sami and Kothari, Nisarg and Lee, Joonseok and Natsev, Paul and Toderici, George and Varadarajan, Balakrishnan and Vijayanarasimhan, Sudheendra},
  journal={arXiv preprint arXiv:1609.08675},
  year={2016}
}

@inproceedings{ahn:sgfs2012,
  title={Bayesian posterior sampling via stochastic gradient fisher scoring},
  author={Ahn, Sungjin and Korattikara, Anoop and Welling, Max},
  booktitle={Proceedings of the 29th International Conference on Machine Learning},
  pages={1771--1778},
  year={2012}
}

@inproceedings{ahn:distributedMCMC2014,
  title={Distributed stochastic gradient {MCMC}},
  author={Ahn, Sungjin and Shahbaba, Babak and Welling, Max},
  booktitle={Proceedings of the 31st International Conference on Machine Learning},
  pages={1044--1052},
  year={2014}
}

@article{akaike:aic1974,
  title={A new look at the statistical model identification},
  author={Akaike, Hirotugu},
  journal={IEEE transactions on automatic control},
  volume={19},
  number={6},
  pages={716--723},
  year={1974},
  publisher={Ieee}
}

@article{alain:denoising2014,
  title={What regularized auto-encoders learn from the data-generating distribution},
  author={Alain, Guillaume and Bengio, Yoshua},
  journal={The Journal of Machine Learning Research},
  volume={15},
  number={1},
  pages={3563--3593},
  year={2014},
  publisher={JMLR. org}
}

@article{ali:divergence1966,
  title={A general class of coefficients of divergence of one distribution from another},
  author={Ali, Syed Mumtaz and Silvey, Samuel D},
  journal={Journal of the Royal Statistical Society. Series B (Methodological)},
  pages={131--142},
  year={1966},
  publisher={JSTOR}
}

@article{altosaar:proximity2017,
  title={Proximity Variational Inference},
  author={Altosaar, Jaan and Ranganath, Rajesh and Blei, David M},
  journal={arXiv preprint arXiv:1705.08931},
  year={2017}
}

@article{amari:geometry1982,
  title={Differential geometry of curved exponential families-curvatures and information loss},
  author={Amari, Shun-Ichi},
  journal={The Annals of Statistics},
  pages={357--385},
  year={1982},
  publisher={JSTOR}
}

@book{amari:ig1985,
  title = {Differential-geometrical methods in statistics},
  publisher = {Springer},
  year = {1985},
  author = {Amari, Shun-Ichi}
}

@article{amari:natural1998,
  title={Natural gradient works efficiently in learning},
  author={Amari, Shun-Ichi},
  journal={Neural Computation},
  volume={10},
  number={2},
  pages={251--276},
  year={1998},
  publisher={MIT Press}
}

@book{amari:ig2000,
  author = {Amari, Shun-Ichi and Nagaoka, Hiroshi},
  publisher = {Oxford University Press},
  title = {Methods of information geometry},
  year = {2000}
}

@article{amari:alpha_proj2001,
  title={Information geometry of $\alpha$-projection in mean field approximation},
  author={Amari, Shun-Ichi and Ikeda, Shiro and Shimokawa, Hidetoshi},
  journal={Advanced Mean Field Methods},
  pages={241--257},
  year={2001},
  publisher={Cambridge, Massachusetts), The MIT Press}
}

@article{amari:divergence2009,
  title={$\alpha $-Divergence Is Unique, Belonging to Both $ f $-Divergence and {B}regman Divergence Classes},
  author={Amari, Shun-Ichi},
  journal={IEEE Transactions on Information Theory},
  volume={55},
  number={11},
  pages={4925--4931},
  year={2009},
  publisher={IEEE}
}

@article{amodei:concrete2016,
  title={Concrete problems in {AI} safety},
  author={Amodei, Dario and Olah, Chris and Steinhardt, Jacob and Christiano, Paul and Schulman, John and Mane, Dan},
  journal={arXiv preprint arXiv:1606.06565},
  year={2016}
}

@inproceedings{andrychowicz:gradient2016,
  title={Learning to learn by gradient descent by gradient descent},
  author={Andrychowicz, Marcin and Denil, Misha and Gomez, Sergio and Hoffman, Matthew W and Pfau, David and Schaul, Tom and de Freitas, Nando},
  booktitle={Advances in Neural Information Processing Systems},
  pages={3981--3989},
  year={2016}
}

@inproceedings{angermueller:multi2015,
  title={Multi-task deep neural network to predict {CpG} methylation profiles from low-coverage sequencing data},
  author={Angermueller, C and Stegle, O},
  booktitle={NIPS MLCB workshop},
  year={2015}
}

@inproceedings{arjovsky:gan_problems2017,
  title={Towards principled methods for training generative adversarial networks},
  author={Arjovsky, Martin and Bottou, L{\'e}on},
  booktitle={International Conference on Learning Representations},
  year={2017},
  url={https://openreview.net/forum?id=Hk4_qw5xe}
}

@inproceedings{arjovsky:wgan2017,
  title={Wasserstein generative adversarial networks},
  author={Arjovsky, Martin and Chintala, Soumith and Bottou, L{\'e}on},
  booktitle={Proceedings of the 34th International Conference on Machine Learning},
  pages={214--223},
  year={2017}
}

@inproceedings{attias:vb1999,
  title={Inferring parameters and structure of latent variable models by variational {B}ayes},
  author={Attias, Hagai},
  booktitle={Proceedings of the Fifteenth conference on Uncertainty in artificial intelligence},
  pages={21--30},
  year={1999},
  organization={Morgan Kaufmann Publishers Inc.}
}

@inproceedings{attias:vb2000,
  title={A variational {B}ayesian framework for graphical models},
  author={Attias, Hagai},
  booktitle={Advances in Neural Information Processing Systems},
  pages={209--215},
  year={2000}
}

@inproceedings{bamler:perturbative_bbvi2017,
  title={Perturbative Black Box Variational Inference},
  author={Bamler, Robert and Zhang, Cheng and Opper, Manfred and Mandt, Stephan},
  booktitle={Advances in Neural Information Processing Systems},
  pages={5086--5094},
  year={2017}
}

@article{barber:ensemble1998,
  title={Ensemble learning in {B}ayesian neural networks},
  author={Barber, David and Bishop, Christopher M},
  journal={Nato ASI Series F Computer and Systems Sciences},
  volume={168},
  pages={215--238},
  year={1998},
  publisher={Springer Verlag}
}

@article{barbour:stein_method1988,
  title={Stein's method and {P}oisson process convergence},
  author={Barbour, Andrew D},
  journal={Journal of Applied Probability},
  pages={175--184},
  year={1988},
  publisher={JSTOR}
}

@inproceedings{barber:vim2003,
  title={The {IM} algorithm: a variational approach to information maximization},
  author={Barber, David and Agakov, Felix},
  booktitle={Advances in Neural Information Processing Systems},
  pages={201--208},
  year={2003},
}

@inproceedings{bardenet:MCMC2014,
  title={Towards scaling up {M}arkov chain {M}onte {C}arlo: an adaptive subsampling approach},
  author={Bardenet, R{\'e}mi and Doucet, Arnaud and Holmes, Chris},
  booktitle={Proceedings of the 31st International Conference on Machine Learning},
  pages={405--413},
  year={2014}
}

@inproceedings{barthelme:abc2011,
  title={{ABC-EP}: Expectation Propagation for Likelihood-free {B}ayesian Computation},
  author={Barthelm{\'e}, Simon and Chopin, Nicolas},
  booktitle={Proceedings of the 28th International Conference on Machine Learning},
  pages={289--296},
  year={2011}
}

@article{barthelme:ep_likelihood2014,
  title={Expectation propagation for likelihood-free inference},
  author={Barthelm{\'e}, Simon and Chopin, Nicolas},
  journal={Journal of the American Statistical Association},
  volume={109},
  number={505},
  pages={315--333},
  year={2014},
  publisher={Taylor \& Francis}
}

@article{barthelme:aep2015,
author = {Dehaene, Guillaume and Barthelm\'e, Simon},
title = {Expectation propagation in the large-data limit},
journal = {arXiv:1503.08060},
year = {2015},
}

@MISC{Bastien-Theano-2012,
        author = {Bastien, Fr{\'{e}}d{\'{e}}ric and Lamblin, Pascal and Pascanu, Razvan and Bergstra, James and Goodfellow, Ian J. and Bergeron, Arnaud and Bouchard, Nicolas and Bengio, Yoshua},
         title = {Theano: new features and speed improvements},
          year = {2012},
  howpublished = {Deep Learning and Unsupervised Feature Learning NIPS 2012 Workshop},
}

@article{bayer:srnn2014,
  title={Learning stochastic recurrent networks},
  author={Bayer, Justin and Osendorfer, Christian},
  journal={arXiv preprint arXiv:1411.7610},
  year={2014}
}

@article{bayes:bayes_rule1763,
 author = {Bayes, Thomas and Price, Richard},
 journal = {Philosophical Transactions (1683-1775)},
 pages = {370--418},
 publisher = {The Royal Society},
 title = {An Essay towards Solving a Problem in the Doctrine of Chances. By the Late Rev. {M}r. {B}ayes, {F. R. S.} Communicated by {M}r. {P}rice, in a Letter to {J}ohn {C}anton, {A. M. F. R. S.}},
 volume = {53},
 year = {1763}
}

@phdthesis{beal:vi2003,
  title={Variational algorithms for approximate {B}ayesian inference},
  author={Beal, Matthew James},
  year={2003},
  school={University of London}
}

@article{beaumont:abc2002,
  title={Approximate {B}ayesian computation in population genetics},
  author={Beaumont, Mark A and Zhang, Wenyang and Balding, David J},
  journal={Genetics},
  volume={162},
  number={4},
  pages={2025--2035},
  year={2002},
  publisher={Genetics Soc America}
}

@article{beck:mirror_descent2003,
  title={Mirror descent and nonlinear projected subgradient methods for convex optimization},
  author={Beck, Amir and Teboulle, Marc},
  journal={Operations Research Letters},
  volume={31},
  number={3},
  pages={167--175},
  year={2003},
  publisher={Elsevier}
}

@inproceedings{begin:pac2016,
  title={{PAC-B}ayesian bounds based on the {R}{\'e}nyi divergence},
  author={B{\'e}gin, Luc and Germain, Pascal and Laviolette, Fran{\c{c}}ois and Roy, Jean-Francis},
  booktitle={Proceedings of the Nineteenth International Conference on Artificial Intelligence and Statistics},
  pages={435--444},
  year={2016}
}

@inproceedings{bengio:meta1992,
  title={On the optimization of a synaptic learning rule},
  author={Bengio, Samy and Bengio, Yoshua and Cloutier, Jocelyn and Gecsei, Jan},
  booktitle={Conference on Optimality in Biological and Artificial Networks},
  year={1992}
}

@book{berger:decision2013,
  title={Statistical decision theory and {B}ayesian analysis},
  author={Berger, James O},
  year={2013},
  publisher={Springer Science \& Business Media}
}

@book{berlinet:rkhs2011,
  title={Reproducing kernel {H}ilbert spaces in probability and statistics},
  author={Berlinet, Alain and Thomas-Agnan, Christine},
  year={2011},
  publisher={Springer Science \& Business Media}
}

@article{bethe:energy1935,
  title={Statistical theory of superlattices},
  author={Bethe, Hans},
  journal={Proceedings of the Royal Society of London. Series A, Mathematical and Physical Sciences},
  pages={552-575},
  volume={150},
  number={871},
  year={1935}
}

@article{berthelot:began2017,
  title={{BEGAN}: Boundary Equilibrium Generative Adversarial Networks},
  author={Berthelot, David and Schumm, Tom and Metz, Luke},
  journal={arXiv preprint arXiv:1703.10717},
  year={2017}
}

@book{bishop:prml2006,
  title={Pattern recognition and machine learning},
  author={Bishop, Christopher M},
  year={2006},
  publisher={Springer}
}

@article{blei:lda2003,
  title={Latent {D}irichlet allocation},
  author={Blei, David M and Ng, Andrew Y and Jordan, Michael I},
  journal={Journal of machine Learning research},
  volume={3},
  number={Jan},
  pages={993--1022},
  year={2003}
}

@inproceedings{blundell:bnn2015,
  title={Weight uncertainty in neural networks},
  author={Blundell, Charles and Cornebise, Julien and Kavukcuoglu, Koray and Wierstra, Daan},
  booktitle={Proceedings of the 32nd International Conference on Machine Learning},
  pages={1613--1622},
  year={2015}
}

@article{bottou:ol1998,
  title={Online learning and stochastic approximations},
  author={Bottou, L{\'e}on},
  journal={On-line learning in neural networks},
  volume={17},
  number={9},
  pages={25},
  year={1998},
  publisher={Cambridge University Press}
}

@inproceedings{bornschein:rws2015,
  title={Reweighted wake-sleep},
  author={Bornschein, J{\"o}rg and Bengio, Yoshua},
  booktitle={International Conference on Learning Representations},
  year={2015},
  url={https://arxiv.org/abs/1406.2751}
}

@article{bregman:divergence1967,
  title={The relaxation method of finding the common point of convex sets and its application to the solution of problems in convex programming},
  author={Bregman, Lev M},
  journal={USSR Computational Mathematics and Mathematical Physics},
  volume={7},
  number={3},
  year={1967},
  publisher={Elsevier}
}

@inproceedings{broderick:stream2013,
  title={Streaming variational {B}ayes},
  author={Broderick, Tamara and Boyd, Nicholas and Wibisono, Andre and Wilson, Ashia C and Jordan, Michael I},
  booktitle={Advances in Neural Information Processing Systems},
  pages={1727--1735},
  year={2013}
}

@book{brooks:mcmcbook2011,
  title={Handbook of {M}arkov chain {M}onte {C}arlo},
  author={Brooks, Steve and Gelman, Andrew and Jones, Galin and Meng, Xiao-Li},
  year={2011},
  publisher={CRC press}
}

@inproceedings{bui:dgp2016,
  title={Deep {G}aussian Processes for Regression using Approximate Expectation Propagation},
  author={Bui, Thang D and Hern{\'a}ndez-Lobato, Daniel and Hern{\'a}ndez-Lobato, Jos{\'e} Miguel and Li, Yingzhen and Turner, Richard E},
  booktitle={Proceedings of the 33rd International Conference on Machine Learning},
  pages={1472--1481},
  year={2016}
}

@inproceedings{bui:dgm2016,
  title={Black-box alpha divergence for generative models},
  author={Bui, Thang D and Hern{\'a}ndez-Lobato, Daniel and Hern{\'a}ndez-Lobato, Jos{\'e} Miguel and Li, Yingzhen and Turner, Richard E},
  booktitle={NIPS workshop on Advances in Approximate Bayesian Inference},
  year={2016}
}

@inproceedings{burda:iwae2016,
  title={Importance Weighted Autoencoders},
  author={Burda, Yuri and Grosse, Roger and Salakhutdinov, Ruslan},
  booktitle={International Conference on Learning Representations},
  year={2016},
  url={https://arxiv.org/abs/1509.00519}
}

@inproceedings{carlini:attack2016,
  title={Towards evaluating the robustness of neural networks},
  author={Carlini, Nicholas and Wagner, David},
  booktitle={Security and Privacy (SP), 2017 IEEE Symposium on},
  pages={39--57},
  year={2017},
  organization={IEEE}
}

@article{celeux:sem1985,
  title={The {SEM} algorithm: a probabilistic teacher algorithm derived from the {EM} algorithm for the mixture problem},
  author={Celeux, Gilles and Diebolt, Jean},
  journal={Computational statistics quarterly},
  volume={2},
  number={1},
  pages={73--82},
  year={1985}
}

@phdthesis{celeux:sem1995,
  title={On stochastic versions of the {EM} algorithm},
  author={Celeux, Gilles and Chauveau, Didier and Diebolt, Jean},
  year={1995},
  school={INRIA}
}

@article{chen:poisson1975,
  title={Poisson approximation for dependent trials},
  author={Chen, Louis HY},
  journal={The Annals of Probability},
  pages={534--545},
  year={1975},
  publisher={JSTOR}
}

@article{chernoff:alpha1952,
  title={A measure of asymptotic efficiency for tests of a hypothesis based on the sum of observations},
  author={Chernoff, Herman},
  journal={The Annals of Mathematical Statistics},
  pages={493--507},
  year={1952},
  publisher={JSTOR}
}

@misc{chollet:keras2015,
  author = {Chollet, Francois},
  title = {Keras},
  year = {2015},
  publisher = {GitHub},
  journal = {GitHub repository},
  howpublished = {\url{https://github.com/fchollet/keras}},
}

@inproceedings{chwialkowski:ksd2016,
  title={A Kernel Test of Goodness of Fit},
  author={Chwialkowski, Kacper and Strathmann, Heiko and Gretton, Arthur},
  booktitle={Proceedings of the 33rd International Conference on Machine Learning},
  pages={2606--2615},
  year={2016}
}

@PhdThesis{cornebise:smc2009,
author = {Cornebise, Julien},
title = {Adaptive Sequential {M}onte {C}arlo Methods},
school = {Universit{\'e} Pierre et Marie Curie},
year = {2009}
}

@book{cover:itbook1991,
  title={Elements of information theory},
  author={Cover, Thomas M and Thomas, Joy A},
  year={1991},
  publisher={John Wiley \& Sons}
}

@article{cox:axioms1946,
  title={Probability, frequency and reasonable expectation},
  author={Cox, Richard T},
  journal={American journal of physics},
  volume={14},
  number={1},
  pages={1--13},
  year={1946},
  publisher={AAPT}
}

@article{cremer:suboptimal2018,
  title={Inference Suboptimality in Variational Autoencoders},
  author={Cremer, Chris and Li, Xuechen and Duvenaud, David},
  journal={arXiv preprint arXiv:1801.03558},
  year={2018}
}

@article{csiszar:divergence1963,
title = "Eine informationstheoretische Ungleichung und ihre Anwendung auf den Beweis der Ergodizitat von Markoffschen Ketten",
author = {Imre Csisz\'ar},
year = 1963,
journal = {Magyar. Tud. Akad. Mat. Kutat\'o Int. K\"ozl},
volume =  8,
pages = {85--108},
}


@article{cunningham:gaussianEP2011,
  title={Gaussian probabilities and expectation propagation},
  author={Cunningham, John P and Hennig, Philipp and Lacoste-Julien, Simon},
  journal={arXiv preprint arXiv:1111.6832},
  year={2011}
}

@inproceedings{dai:pmd2015,
  title={Provable {B}ayesian inference via particle mirror descent},
  author={Dai, Bo and He, Niao and Dai, Hanjun and Song, Le},
  booktitle={Proceedings of the Nineteenth International Conference on Artificial Intelligence and Statistics},
  pages={985--994},
  year={2016}
}

@inproceedings{dai:embed_infer2016,
  title={Discriminative embeddings of latent variable models for structured data},
  author={Dai, Hanjun and Dai, Bo and Song, Le},
  booktitle={Proceedings of the 33rd International Conference on Machine Learning},
  pages={2702--2711},
  year={2016}
}

@article{dayan:helmholtz1995,
  title={The {H}elmholtz machine},
  author={Dayan, Peter and Hinton, Geoffrey E and Neal, Radford M and Zemel, Richard S},
  journal={Neural Computation},
  volume={7},
  number={5},
  pages={889--904},
  year={1995},
  publisher={MIT Press}
}

@article{dawid:prequential1984,
  title={Present position and potential developments: Some personal views: Statistical theory: The prequential approach},
  author={Dawid, A Philip},
  journal={Journal of the Royal Statistical Society. Series A (General)},
  pages={278--292},
  year={1984},
  publisher={JSTOR}
}

@article{deboer:crossentropy2005,
  title={A tutorial on the cross-entropy method},
  author={De Boer, Pieter-Tjerk and Kroese, Dirk P and Mannor, Shie and Rubinstein, Reuven Y},
  journal={Annals of operations research},
  volume={134},
  number={1},
  pages={19--67},
  year={2005},
  publisher={Springer}
}

@article{debrabanter:lpr2013,
  title={Derivative estimation with local polynomial fitting},
  author={De Brabanter, Kris and De Brabanter, Jos and De Moor, Bart and Gijbels, Ir{\`e}ne},
  journal={The Journal of Machine Learning Research},
  volume={14},
  number={1},
  pages={281--301},
  year={2013},
  publisher={JMLR. org}
}

@inproceedings{defazio:saga2014,
  title={{SAGA}: A fast incremental gradient method with support for non-strongly convex composite objectives},
  author={Defazio, Aaron and Bach, Francis and Lacoste-Julien, Simon},
  booktitle={Advances in Neural Information Processing Systems},
  pages={1646--1654},
  year={2014}
}

@article{dehaene:aep2015,
author = {Dehaene, Guillaume and Barthelm\'e, Simon},
title = {Expectation propagation in the large-data limit},
journal = {arXiv:1503.08060},
year = {2015},
}

@article{dehaene:aep2018,
  title={Expectation propagation in the large data limit},
  author={Dehaene, Guillaume and Barthelm{\'e}, Simon},
  journal={Journal of the Royal Statistical Society: Series B (Statistical Methodology)},
  volume={80},
  number={1},
  pages={199--217},
  year={2018},
  publisher={Wiley Online Library}
}

@inproceedings{deisenroth:pilco2011,
  title={{PILCO}: A model-based and data-efficient approach to policy search},
  author={Deisenroth, Marc and Rasmussen, Carl E},
  booktitle={Proceedings of the 28th International Conference on Machine Learning},
  pages={465--472},
  year={2011}
}

@article{del:smc2006,
  title={Sequential {M}onte {C}arlo samplers},
  author={Del Moral, Pierre and Doucet, Arnaud and Jasra, Ajay},
  journal={Journal of the Royal Statistical Society: Series B (Statistical Methodology)},
  volume={68},
  number={3},
  pages={411--436},
  year={2006},
  publisher={Wiley Online Library}
}

@inproceedings{deng:imagenet2009,
  title={Imagenet: A large-scale hierarchical image database},
  author={Deng, Jia and Dong, Wei and Socher, Richard and Li, Li-Jia and Li, Kai and Fei-Fei, Li},
  booktitle={Proceedings of the IEEE conference on Computer Vision and Pattern Recognition},
  pages={248--255},
  year={2009},
}

@inproceedings{denker:transforming1991,
  title={Transforming neural-net output levels to probability distributions},
  author={Denker, John S and Lecun, Yann},
  booktitle={Advances in Neural Information Processing Systems},
  pages={853--859},
  year={1991}
}

@article{dempster:em1977,
  title={Maximum likelihood from incomplete data via the {EM} algorithm},
  author={Dempster, Arthur P and Laird, Nan M and Rubin, Donald B},
  journal={Journal of the royal statistical society. Series B (methodological)},
  pages={1--38},
  year={1977},
  publisher={JSTOR}
}

@article{depeweg:bnn_rl2016,
  title={Learning and Policy Search in Stochastic Dynamical Systems with {B}ayesian Neural Networks},
  author={Depeweg, Stefan and Hern{\'a}ndez-Lobato, Jos{\'e} Miguel and Doshi-Velez, Finale and Udluft, Steffen},
  journal={International Conference on Learning Representations},
  year={2017},
  url={https://openreview.net/forum?id=H1fl8S9ee}
}

@article{dikmen:divergence2015,
  title={Learning the information divergence},
  author={Dikmen, Onur and Yang, Zhirong and Oja, Erkki},
  journal={IEEE transactions on pattern analysis and machine intelligence},
  volume={37},
  number={7},
  pages={1442--1454},
  year={2015},
  publisher={IEEE}
}

@inproceedings{dieng:chi2016,
  title={Variational Inference via $\chi $ Upper Bound Minimization},
  author={Dieng, Adji Bousso and Tran, Dustin and Ranganath, Rajesh and Paisley, John and Blei, David},
  booktitle={Advances in Neural Information Processing Systems},
  pages={2729--2738},
  year={2017}
}

@article{diggle:prescribe_implicit1984,
  title={Monte {C}arlo methods of inference for implicit statistical models},
  author={Diggle, Peter J and Gratton, Richard J},
  journal={Journal of the Royal Statistical Society. Series B (Methodological)},
  pages={193--227},
  year={1984},
  publisher={JSTOR}
}

@inproceedings{ding:sgnht2014,
  title={Bayesian sampling using stochastic gradient thermostats},
  author={Ding, Nan and Fang, Youhan and Babbush, Ryan and Chen, Changyou and Skeel, Robert D and Neven, Hartmut},
  booktitle={Advances in Neural Information Processing Systems},
  pages={3203--3211},
  year={2014}
}

@article{dinh:nice2014,
  title={{NICE}: Non-linear independent components estimation},
  author={Dinh, Laurent and Krueger, David and Bengio, Yoshua},
  journal={arXiv preprint arXiv:1410.8516},
  year={2014}
}

@inproceedings{dinh:realnvp2017,
  title={Density estimation using Real {NVP}},
  author={Dinh, Laurent and Sohl-Dickstein, Jascha and Bengio, Samy},
  booktitle={International Conference on Learning Representations},
  year={2017},
  url={https://openreview.net/forum?id=HkpbnH9lx}
}

@article{donahue:afl2016,
  title={Adversarial Feature Learning},
  author={Donahue, Jeff and Kr{\"a}henb{\"u}hl, Philipp and Darrell, Trevor},
  journal={International Conference on Learning Representations},
  year={2017},
  url={https://openreview.net/forum?id=BJtNZAFgg}
}

@incollection{doucet:smc2001,
  title={An introduction to sequential {M}onte {C}arlo methods},
  author={Doucet, Arnaud and De Freitas, Nando and Gordon, Neil},
  booktitle={Sequential Monte Carlo methods in practice},
  pages={3--14},
  year={2001},
  publisher={Springer}
}

@article{duane:hmc1987,
  author = {Duane, Simon and Kennedy, A. D. and Pendleton, Brian J. and Roweth, Duncan},
  journal = {Physics Letters B},
  number = 2,
  pages = {216 - 222},
  title = {Hybrid {M}onte {C}arlo},
  volume = 195,
  year = 1987
}

@article{dumoulin:ali2016,
  title={Adversarially Learned Inference},
  author={Dumoulin, Vincent and Belghazi, Ishmael and Poole, Ben and Lamb, Alex and Arjovsky, Martin and Mastropietro, Olivier and Courville, Aaron},
  journal={International Conference on Learning Representations},
  year={2017},
  url={https://openreview.net/forum?id=B1ElR4cgg}
}

@article{efron:curvature1975,
  title={Defining the curvature of a statistical problem (with applications to second order efficiency)},
  author={Efron, Bradley},
  journal={The Annals of Statistics},
  pages={1189--1242},
  year={1975},
  publisher={JSTOR}
}

@article{efron:geometry_expfam1978,
  title={The geometry of exponential families},
  author={Efron, Bradley},
  journal={The Annals of Statistics},
  volume={6},
  number={2},
  pages={362--376},
  year={1978},
  publisher={Institute of Mathematical Statistics}
}

@book{fan:local_poly1996,
  author = {Fan, {Jianqing} and Gijbels, {Irène}},
  publisher = {Chapman \& Hall},
  title = {Local polynomial modelling and its applications},
  year = 1996
}

@article{fisher:mle1922,
  title={On the Mathematical Foundations of Theoretical Statistics},
  author={Fisher, Ronald Aylmer},
  journal={Philosophical Transactions of the Royal Society of London. Series A},
  volume={222},
  pages={309--368},
  year={1922},
  publisher={JSTOR}
}

@article{friedman:divergence2007,
  title={A utility-based approach to some information measures},
  author={Friedman, Craig and Huang, Jinggang and Sandow, Sven},
  journal={Entropy},
  volume={9},
  number={1},
  pages={1--26},
  year={2007},
  publisher={Molecular Diversity Preservation International}
}

@article{fu:gradient2006,
  title={Gradient estimation},
  author={Fu, Michael C},
  journal={Handbooks in operations research and management science},
  volume={13},
  pages={575--616},
  year={2006},
  publisher={Elsevier}
}

@article{fukunaga:mean_shift1975,
  title={The estimation of the gradient of a density function, with applications in pattern recognition},
  author={Fukunaga, Keinosuke and Hostetler, Larry},
  journal={IEEE Transactions on information theory},
  volume={21},
  number={1},
  pages={32--40},
  year={1975},
  publisher={IEEE}
}

@inproceedings{gal:dropout2016,
  title={Dropout as a {B}ayesian approximation: Representing model uncertainty in deep learning},
  author={Gal, Yarin and Ghahramani, Zoubin},
  booktitle={Proceedings of the 33rd International Conference on Machine Learning},
  pages={1050--1059},
  year={2016}
}

@PhdThesis{gal:uncertainty2016,
  title={Uncertainty in Deep Learning},
  author={Gal, Yarin},
  year={2016},
  school={University of Cambridge}
}

@inproceedings{gal:concrete2017,
  title={Concrete dropout},
  author={Gal, Yarin and Hron, Jiri and Kendall, Alex},
  booktitle={Advances in Neural Information Processing Systems},
  pages={3584--3593},
  year={2017}
}

@article{gelman:rhat1992,
  title={Inference from iterative simulation using multiple sequences},
  author={Gelman, Andrew and Rubin, Donald B},
  journal={Statistical science},
  pages={457--472},
  year={1992},
  publisher={JSTOR}
}

@article{gelman:posterior_predictive1996,
  title={Posterior predictive assessment of model fitness via realized discrepancies},
  author={Gelman, Andrew and Meng, Xiao-Li and Stern, Hal},
  journal={Statistica sinica},
  pages={733--760},
  year={1996},
  publisher={JSTOR}
}

@article{gelman:philosophy2013,
  title={Philosophy and the practice of {B}ayesian statistics},
  author={Gelman, Andrew and Shalizi, Cosma Rohilla},
  journal={British Journal of Mathematical and Statistical Psychology},
  volume={66},
  number={1},
  pages={8--38},
  year={2013},
  publisher={Wiley Online Library}
}

@article{gelman:dep2014,
  title={Expectation propagation as a way of life: A framework for {B}ayesian inference on partitioned data},
  author={Gelman, Andrew and Vehtari, Aki and Jyl{\"a}nki, Pasi and Sivula, Tuomas and Tran, Dustin and Sahai, Swupnil and Blomstedt, Paul and Cunningham, John P and Schiminovich, David and Robert, Christian},
  journal={arXiv preprint arXiv:1412.4869},
  year={2014}
}

@book{gelman:bda1995,
  title={Bayesian data analysis},
  author={Gelman, Andrew and Carlin, John B and Stern, Hal S and Rubin, Donald B},
  publisher={Chapman and Hall},
  year={1995}
}

@inproceedings{germain:pac2016,
  title={{PAC-B}ayesian theory meets Bayesian inference},
  author={Germain, Pascal and Bach, Francis and Lacoste, Alexandre and Lacoste-Julien, Simon},
  booktitle={Advances in Neural Information Processing Systems},
  pages={1884--1892},
  year={2016}
}

@inproceedings{gershman:nonparametric_vi2012,
  title={Nonparametric variational inference},
  author={Gershman, Samuel J and Hoffman, Matthew D and Blei, David M},
  booktitle={Proceedings of the 29th International Conference on Machine Learning},
  pages={235--242},
  year={2012}
}

@article{geweke:mc1989,
  title={Bayesian inference in econometric models using {M}onte {C}arlo integration},
  author={Geweke, John},
  journal={Econometrica: Journal of the Econometric Society},
  pages={1317--1339},
  year={1989},
  publisher={JSTOR}
}

@inproceedings{ghahramani:em_factorial1995,
  title={Factorial learning and the {EM} algorithm},
  author={Ghahramani, Zoubin},
  booktitle={Advances in Neural Information Processing Systems},
  pages={617--624},
  year={1995}
}

@inproceedings{ghahramani:variational2000,
  title={Variational inference for {B}ayesian mixtures of factor analysers},
  author={Ghahramani, Zoubin and Beal, Matthew J},
  booktitle={Advances in Neural Information Processing Systems},
  pages={449--455},
  year={2000}
}

@inproceedings{ghahramani:propagation2001,
  title={Propagation algorithms for variational {B}ayesian learning},
  author={Ghahramani, Zoubin and Beal, Matthew J},
  booktitle={Advances in Neural Information Processing Systems},
  pages={507--513},
  year={2001}
}

@inproceedings{ghahramani:bayesianMC2003,
  title={Bayesian {M}onte {C}arlo},
  author={Ghahramani, Zoubin and Rasmussen, Carl E},
  booktitle={Advances in Neural Information Processing Systems},
  pages={505--512},
  year={2003}
}

@article{girolami:riemann_hmc2011,
  title={Riemann manifold {L}angevin and {H}amiltonian {M}onte {C}arlo methods},
  author={Girolami, Mark and Calderhead, Ben},
  journal={Journal of the Royal Statistical Society: Series B (Statistical Methodology)},
  volume={73},
  number={2},
  pages={123--214},
  year={2011},
  publisher={Wiley Online Library}
}

@inproceedings{glorot:init2010,
  title={Understanding the difficulty of training deep feedforward neural networks},
  author={Glorot, Xavier and Bengio, Yoshua},
  booktitle={Proceedings of the thirteenth international conference on artificial intelligence and statistics},
  pages={249--256},
  year={2010}
}

@inproceedings{glynn:likelihood_ratio1987,
  title={Likelilood ratio gradient estimation: an overview},
  author={Glynn, Peter W},
  booktitle={Proceedings of the 19th conference on Winter simulation},
  pages={366--375},
  year={1987},
  organization={ACM}
}

@article{glynn:likelihood_ratio1990,
  title={Likelihood ratio gradient estimation for stochastic systems},
  author={Glynn, Peter W},
  journal={Communications of the ACM},
  volume={33},
  number={10},
  pages={75--84},
  year={1990},
  publisher={ACM}
}

@inproceedings{goodfellow:gan2014,
  title={Generative adversarial nets},
  author={Goodfellow, Ian and Pouget-Abadie, Jean and Mirza, Mehdi and Xu, Bing and Warde-Farley, David and Ozair, Sherjil and Courville, Aaron and Bengio, Yoshua},
  booktitle={Advances in Neural Information Processing Systems},
  pages={2672--2680},
  year={2014}
}

@inproceedings{goodfellow:explaining2014,
  title={Explaining and harnessing adversarial examples},
  author={Goodfellow, Ian J and Shlens, Jonathon and Szegedy, Christian},
  booktitle={International Conference on Learning Representations},
  year={2015},
  url={https://arxiv.org/abs/1412.6572}
}

@book{goodfellow:deeplearning2016,
  title={Deep learning},
  author={Goodfellow, Ian and Bengio, Yoshua and Courville, Aaron},
  year={2016},
  publisher={MIT press}
}

@inproceedings{gorham:stein_method2015,
  title={Measuring sample quality with {S}tein's method},
  author={Gorham, Jackson and Mackey, Lester},
  booktitle={Advances in Neural Information Processing Systems},
  pages={226--234},
  year={2015}
}

@inproceedings{gorham:ksd2017,
  title={Measuring Sample Quality with Kernels},
  author={Gorham, Jackson and Mackey, Lester},
  booktitle={Proceedings of the 34th International Conference on Machine Learning},
  pages={1292--1301},
  year={2017}
}

@inproceedings{gori:graph2005,
  title={A new model for learning in graph domains},
  author={Gori, Marco and Monfardini, Gabriele and Scarselli, Franco},
  booktitle={Neural Networks, 2005. IJCNN'05. Proceedings. 2005 IEEE International Joint Conference on},
  volume={2},
  pages={729--734},
  year={2005},
  organization={IEEE}
}

@inproceedings{graves:practical2011,
  title={Practical variational inference for neural networks},
  author={Graves, Alex},
  booktitle={Advances in Neural Information Processing Systems},
  pages={2348--2356},
  year={2011}
}

@article{graves:ntm2014,
  title={Neural {T}uring machines},
  author={Graves, Alex and Wayne, Greg and Danihelka, Ivo},
  journal={arXiv preprint arXiv:1410.5401},
  year={2014}
}

@article{greensmith:rl_variance2004,
  title={Variance reduction techniques for gradient estimates in reinforcement learning},
  author={Greensmith, Evan and Bartlett, Peter L and Baxter, Jonathan},
  journal={Journal of Machine Learning Research},
  volume={5},
  number={Nov},
  pages={1471--1530},
  year={2004}
}

@article{gretton:mmd2012,
  title={A kernel two-sample test},
  author={Gretton, Arthur and Borgwardt, Karsten M and Rasch, Malte J and Sch{\"o}lkopf, Bernhard and Smola, Alexander},
  journal={Journal of Machine Learning Research},
  volume={13},
  number={Mar},
  pages={723--773},
  year={2012}
}

@article{grosse:bidirectional2015,
  title={Sandwiching the marginal likelihood using bidirectional {M}onte {C}arlo},
  author={Grosse, Roger B and Ghahramani, Zoubin and Adams, Ryan P},
  journal={arXiv preprint arXiv:1511.02543},
  year={2015}
}

@inproceedings{grosse:bidirectional2016,
  title={Measuring the reliability of {MCMC} inference with bidirectional {M}onte {C}arlo},
  author={Grosse, Roger B and Ancha, Siddharth and Roy, Daniel M},
  booktitle={Advances in Neural Information Processing Systems},
  pages={2451--2459},
  year={2016}
}

@book{grunwald:mdl2007,
  author = {Gr{\"u}nwald, P.D.},
  publisher = {MIT press, Cambridge, MA},
  title = {{Minimum Description Length Principle}},
  year = 2007
}

@inproceedings{gu:nasmc2015,
  title={Neural adaptive sequential {M}onte {C}arlo},
  author={Gu, Shixiang and Ghahramani, Zoubin and Turner, Richard E},
  booktitle={Advances in Neural Information Processing Systems},
  pages={2629--2637},
  year={2015}
}

@inproceedings{gu:muprop2016,
  title={{MuProp}: Unbiased backpropagation for stochastic neural networks},
  author={Gu, Shixiang and Levine, Sergey and Sutskever, Ilya and Mnih, Andriy},
  booktitle={International Conference on Learning Representations},
  year={2016},
  url={https://arxiv.org/abs/1511.05176}
}

@inproceedings{gu:qprop2017,
  title={Q-prop: Sample-efficient policy gradient with an off-policy critic},
  author={Gu, Shixiang and Lillicrap, Timothy and Ghahramani, Zoubin and Turner, Richard E and Levine, Sergey},
  booktitle={International Conference on Learning Representations},
  year={2017},
  url={https://openreview.net/forum?id=SJ3rcZcxl}
}

@inproceedings{gulrajani:wgan_gp2017,
  title={Improved training of {W}asserstein {GAN}s},
  author={Gulrajani, Ishaan and Ahmed, Faruk and Arjovsky, Martin and Dumoulin, Vincent and Courville, Aaron C},
  booktitle={Advances in Neural Information Processing Systems},
  pages={5769--5779},
  year={2017}
}

@article{hachmann:cep2014,
  title={Lead candidates for high-performance organic photovoltaics from high-throughput quantum chemistry--the {H}arvard Clean Energy Project},
  author={Hachmann, Johannes and Olivares-Amaya, Roberto and Jinich, Adrian and Appleton, Anthony L and Blood-Forsythe, Martin A and Seress, L{\'a}szl{\'o} R and Rom{\'a}n-Salgado, Carolina and Trepte, Kai and Atahan-Evrenk, Sule and Er, S{\"u}leyman and Shrestha, Supriya and Mondal, Rajib and Sokolov, Anatoliy and Bao, Zhenan and Aspuru-Guzik, Al{\'a}n},
  journal={Energy \& Environmental Science},
  volume={7},
  number={2},
  pages={698--704},
  year={2014},
  publisher={Royal Society of Chemistry}
}

@book{harman:factor_analysis1976,
  title={Modern factor analysis},
  author={Harman, Harry H},
  year={1976},
  publisher={University of Chicago Press}
}

@inproceedings{he:resnet2016,
  title={Deep residual learning for image recognition},
  author={He, Kaiming and Zhang, Xiangyu and Ren, Shaoqing and Sun, Jian},
  booktitle={Proceedings of the IEEE conference on Computer Vision and Pattern Recognition},
  pages={770--778},
  year={2016}
}

@inproceedings{heess:learning_messages2013,
  title={Learning to pass expectation propagation messages},
  author={Heess, Nicolas and Tarlow, Daniel and Winn, John},
  booktitle={Advances in Neural Information Processing Systems},
  pages={3219--3227},
  year={2013}
}

@article{hellinger:distance1909,
  title={Neue Begr{\"u}ndung der Theorie quadratischer Formen von unendlichvielen Ver{\"a}nderlichen.},
  author={Hellinger, Ernst},
  journal={Journal f{\"u}r die reine und angewandte Mathematik},
  volume={136},
  pages={210--271},
  year={1909}
}

@inproceedings{herbrich:trueskill2006,
  title={Trueskill\texttrademark: A {B}ayesian skill rating system},
  author={Herbrich, Ralf and Minka, Tom and Graepel, Thore},
  booktitle={Advances in Neural Information Processing Systems},
  pages={569--576},
  year={2006}
}

@inproceedings{hernandez-lobato:pbp2015,
  title={Probabilistic backpropagation for scalable learning of {B}ayesian neural networks},
  author={Hern{\'a}ndez-Lobato, Jos{\'e} Miguel and Adams, Ryan},
  booktitle={Proceedings of the 32nd International Conference on Machine Learning},
  pages={1861--1869},
  year={2015}
}

@inproceedings{hernandez-lobato:gp2016,
  title={Scalable {G}aussian process classification via expectation propagation},
  author={Hern{\'a}ndez-Lobato, Daniel and Hern{\'a}ndez-Lobato, Jos{\'e} Miguel},
  booktitle={Proceedings of the Nineteenth International Conference on Artificial Intelligence and Statistics},
  pages={168--176},
  year={2016}
}

@inproceedings{hernandez-lobato:bbalpha2016,
  title={Black-box $\alpha$-divergence minimization},
  author={Hern{\'a}ndez-Lobato, Jos{\'e} Miguel and Li, Yingzhen and Rowland, Mark and Hern{\'a}ndez-Lobato, Daniel and Bui, Thang D and Turner, Richard E},
  booktitle={Proceedings of the 33rd International Conference on Machine Learning},
  pages={1511--1520},
  year={2016}
}

@inproceedings{heskes:ep2002,
  title={Expectation propagation for approximate inference in dynamic {B}ayesian networks},
  author={Heskes, Tom and Zoeter, Onno},
  booktitle={Proceedings of the Eighteenth conference on Uncertainty in artificial intelligence},
  pages={216--223},
  year={2002},
  organization={Morgan Kaufmann Publishers Inc.}
}

@inproceedings{heskes:bp_fixed_point2002,
  title={Stable fixed points of loopy belief propagation are local minima of the {B}ethe free energy},
  author={Heskes, Tom},
  booktitle={Advances in Neural Information Processing Systems},
  pages={343--350},
  year={2002}
}

@inproceedings{hinton:mdl1993,
  title={Keeping the neural networks simple by minimizing the description length of the weights},
  author={Hinton, Geoffrey E and Van Camp, Drew},
  booktitle={Proceedings of the sixth annual conference on Computational learning theory},
  pages={5--13},
  year={1993},
  organization={ACM}
}

@article{hinton:ws1995,
  title={The "wake-sleep" algorithm for unsupervised neural networks},
  author={Hinton, Geoffrey E and Dayan, Peter and Frey, Brendan J and Neal, Radford M},
  journal={Science},
  volume={268},
  number={5214},
  pages={1158},
  year={1995},
  publisher={The American Association for the Advancement of Science}
}

@article{hinton:cd2002,
  title={Training products of experts by minimizing contrastive divergence},
  author={Hinton, Geoffrey E},
  journal={Neural Computation},
  volume={14},
  number={8},
  pages={1771--1800},
  year={2002},
  publisher={MIT Press}
}

@article{hinton:improving2012,
  title={Improving neural networks by preventing co-adaptation of feature detectors},
  author={Hinton, Geoffrey E and Srivastava, Nitish and Krizhevsky, Alex and Sutskever, Ilya and Salakhutdinov, Ruslan R},
  journal={arXiv preprint arXiv:1207.0580},
  year={2012}
}

@article{hinton:distil2015,
  title={Distilling the knowledge in a neural network},
  author={Hinton, Geoffrey and Vinyals, Oriol and Dean, Jeff},
  journal={arXiv preprint arXiv:1503.02531},
  year={2015}
}

@article{hochreiter:lstm1997,
  title={Long short-term memory},
  author={Hochreiter, Sepp and Schmidhuber, J{\"u}rgen},
  journal={Neural Computation},
  volume={9},
  number={8},
  pages={1735--1780},
  year={1997},
  publisher={MIT Press}
}

@article{hoffman:svi2013,
  author = {Hoffman, Matthew D. and Blei, David M. and Wang, Chong and Paisley, John William},
  journal = {Journal of Machine Learning Research},
  number = {1},
  pages = {1303-1347},
  title = {Stochastic variational inference},
  volume = {14},
  year = {2013}
}

@article{hoffman:nuts2014,
  title={The no-{U}-turn sampler: Adaptively setting path lengths in {H}amiltonian {M}onte {C}arlo},
  author={Hoffman, Matthew D and Gelman, Andrew},
  journal={The Journal of Machine Learning Research},
  volume={15},
  number={1},
  pages={1593--1623},
  year={2014},
}

@inproceedings{hoffman:vae_mcmc2017,
  title={Learning deep latent {G}aussian models with {M}arkov chain {M}onte {C}arlo},
  author={Hoffman, Matthew D},
  booktitle={Proceedings of the 34th International Conference on Machine Learning},
  pages={1510--1519},
  year={2017}
}

@article{hornik:universal_approx1989,
  title={Multilayer feedforward networks are universal approximators},
  author={Hornik, Kurt and Stinchcombe, Maxwell and White, Halbert},
  journal={Neural Networks},
  volume={2},
  number={5},
  pages={359--366},
  year={1989},
  publisher={Elsevier}
}

@inproceedings{huang:stochastic_depth2016,
  title={Deep networks with stochastic depth},
  author={Huang, Gao and Sun, Yu and Liu, Zhuang and Sedra, Daniel and Weinberger, Kilian Q},
  booktitle={European Conference on Computer Vision},
  pages={646--661},
  year={2016},
  organization={Springer}
}

@inproceedings{huang:dense_net2017,
  title={Densely connected convolutional networks},
  author={Huang, Gao and Liu, Zhuang and Weinberger, Kilian Q and van der Maaten, Laurens},
  booktitle={Conference Vision and Pattern Recognition},
  year={2017}
}

@inproceedings{huggins:coresets2016,
  title={Coresets for scalable {B}ayesian logistic regression},
  author={Huggins, Jonathan and Campbell, Trevor and Broderick, Tamara},
  booktitle={Advances in Neural Information Processing Systems},
  pages={4080--4088},
  year={2016}
}

@article{huszar:implicit2017,
  title={Variational Inference using Implicit Distributions},
  author={Husz{\'a}r, Ferenc},
  journal={arXiv preprint arXiv:1702.08235},
  year={2017}
}

@article{hyvarinen:score2005,
  title={Estimation of non-normalized statistical models by score matching},
  author={Hyv{\"a}rinen, Aapo},
  journal={Journal of Machine Learning Research},
  volume={6},
  number={Apr},
  pages={695--709},
  year={2005}
}

@article{hyvarinen:pseudolikelihood2006,
  title={Consistency of pseudolikelihood estimation of fully visible {B}oltzmann machines},
  author={Hyv{\"a}rinen, Aapo},
  journal={Neural Computation},
  volume={18},
  number={10},
  pages={2283--2292},
  year={2006},
  publisher={MIT Press}
}

@article{jaakkola:gmm1998,
  title={Improving the mean field approximation via the use of mixture distributions},
  author={Jaakkola, Tommi S and Jordan, Michael I},
  journal={Nato ASI Series D Behavioural and Social Sciences},
  volume={89},
  pages={163--174},
  year={1998},
  publisher={Kluwer Academic Publishers}
}

@inproceedings{jang:gumble2017,
  title={Categorical reparameterization with {G}umbel-softmax},
  author={Jang, Eric and Gu, Shixiang and Poole, Ben},
  booktitle={International Conference on Learning Representations},
  year={2017},
  url={https://openreview.net/forum?id=rkE3y85ee}
}

@book{jaynes:book2003,
  title={Probability theory: The logic of science},
  author={Jaynes, Edwin T},
  year={2003},
  publisher={Cambridge University Press}
}

@inproceedings{jitkrittum:kernel2015,
  title={Kernel-Based Just-In-Time Learning for Passing Expectation Propagation Messages},
  author={Jitkrittum, Wittawat and Gretton, Arthur and Heess, Nicolas and Eslami, SM and Lakshminarayanan, Balaji and Sejdinovic, Dino and Szab{\'o}, Zolt{\'a}n},
  booktitle={Proceedings of the Thirty-First Conference on Uncertainty in Artificial Intelligence},
  pages={405--414},
  year={2015},
  organization={AUAI Press}
}

@book{johnson:itbook2004,
  title={Information theory and the central limit theorem},
  author={Johnson, Oliver Thomas},
  year={2004},
  publisher={World Scientific}
}

@inproceedings{johnson:svrg2013,
  title={Accelerating stochastic gradient descent using predictive variance reduction},
  author={Johnson, Rie and Zhang, Tong},
  booktitle={Advances in Neural Information Processing Systems},
  pages={315--323},
  year={2013}
}

@article{jordan:vi1999,
  title={An introduction to variational methods for graphical models},
  author={Jordan, Michael I and Ghahramani, Zoubin and Jaakkola, Tommi S and Saul, Lawrence K},
  journal={Machine learning},
  volume={37},
  number={2},
  pages={183--233},
  year={1999},
  publisher={Springer}
}

@article{karaletsos:adversarial_mp2016,
  title={Adversarial Message Passing For Graphical Models},
  author={Karaletsos, Theofanis},
  journal={arXiv preprint arXiv:1612.05048},
  year={2016}
}

@inproceedings{kalchbrenner:recurrent2013,
  title={Recurrent continuous translation models},
  author={Kalchbrenner, Nal and Blunsom, Phil},
  booktitle={Proceedings of the 2013 Conference on Empirical Methods in Natural Language Processing},
  pages={1700--1709},
  year={2013}
}

@article{kendall:bayesian2015,
  title={Bayesian segnet: Model uncertainty in deep convolutional encoder-decoder architectures for scene understanding},
  author={Kendall, Alex and Badrinarayanan, Vijay and Cipolla, Roberto},
  journal={arXiv preprint arXiv:1511.02680},
  year={2015}
}

@inproceedings{kendall:modelling2016,
  title={Modelling uncertainty in deep learning for camera relocalization},
  author={Kendall, Alex and Cipolla, Roberto},
  booktitle={2016 IEEE International Conference on Robotics and Automation (ICRA)},
  pages={4762--4769},
  year={2016},
  organization={IEEE}
}

@article{kennedy:bq1996,
  title = {Iterative rescaling for {B}ayesian quadrature},
  author = {Kennedy, MC and O'Hagan, A},
  journal = {Bayesian Statistics},
  volume = {5},
  pages = {639--645},
  year = {1996},
  publisher = {Oxford University Press Oxford}
}

@inproceedings{khan:kl_proximal2015,
  title={Kullback-{L}eibler proximal variational inference},
  author={Khan, Mohammad E and Baqu{\'e}, Pierre and Fleuret, Fran{\c{c}}ois and Fua, Pascal},
  booktitle={Advances in Neural Information Processing Systems},
  pages={3402--3410},
  year={2015}
}

@article{kim:semi2018,
  title={Semi-Amortized Variational Autoencoders},
  author={Kim, Yoon and Wiseman, Sam and Miller, Andrew C and Sontag, David and Rush, Alexander M},
  journal={arXiv preprint arXiv:1802.02550},
  year={2018}
}

@article{kirkpatrick:ewc2017,
  title={Overcoming catastrophic forgetting in neural networks},
  author={Kirkpatrick, James and Pascanu, Razvan and Rabinowitz, Neil and Veness, Joel and Desjardins, Guillaume and Rusu, Andrei A and Milan, Kieran and Quan, John and Ramalho, Tiago and Grabska-Barwinska, Agnieszka and Hassabis, Demis and Clopath, Claudia and Kumaran, Dharshan and Hadsell, Raia},
  journal={Proceedings of the National Academy of Sciences},
  pages={201611835},
  year={2017},
  publisher = {National Academy of Sciences}
}

@inproceedings{kingma:vae2014,
    title={Auto-Encoding Variational {B}ayes},
    author={Kingma, Diederick P and Welling, Max},
    booktitle={International Conference on Learning Representations},
    year={2014},
    url={https://arxiv.org/abs/1312.6114}
}

@InProceedings{kingma:adam2015,
author = {Kingma, Diederick P and Ba, Jimmy},
title = {Adam: A method for stochastic optimization},
booktitle = { International Conference on Learning Representations },
year = {2015},
url={https://arxiv.org/abs/1412.6980}
}

@inproceedings{kingma:variational_dropout2015,
  title={Variational dropout and the local reparameterization trick},
  author={Kingma, Diederik P and Salimans, Tim and Welling, Max},
  booktitle={Advances in Neural Information Processing Systems},
  pages={2575--2583},
  year={2015}
}

@inproceedings{kingma:iaf2016,
  title={Improved variational inference with inverse autoregressive flow},
  author={Kingma, Diederik P and Salimans, Tim and Jozefowicz, Rafal and Chen, Xi and Sutskever, Ilya and Welling, Max},
  booktitle={Advances in Neural Information Processing Systems},
  pages={4743--4751},
  year={2016}
}

@article{kodali:dragan2017,
  title={How to Train Your {DRAGAN}},
  author={Kodali, Naveen and Abernethy, Jacob and Hays, James and Kira, Zsolt},
  journal={arXiv preprint arXiv:1705.07215},
  year={2017}
}

@article{kohonen:som1998,
  title={The self-organizing map},
  author={Kohonen, Teuvo},
  journal={Neurocomputing},
  volume={21},
  number={1},
  pages={1--6},
  year={1998},
  publisher={Elsevier}
}

@book{koller:pgm2009,
  title={Probabilistic graphical models: principles and techniques},
  author={Koller, Daphne and Friedman, Nir},
  year={2009},
  publisher={MIT press}
}

@article{koopman:expfam1936,
  title={On distributions admitting a sufficient statistic},
  author={Koopman, Bernard Osgood},
  journal={Transactions of the American Mathematical society},
  volume={39},
  number={3},
  pages={399--409},
  year={1936},
  publisher={JSTOR}
}

@inproceedings{korattikara:dark2015,
  title={Bayesian dark knowledge},
  author={Korattikara, Anoop and Rathod, Vivek and Murphy, Kevin P and Welling, Max},
  booktitle={Advances in Neural Information Processing Systems},
  pages={3438--3446},
  year={2015}
}

@inproceedings{krizhevsky:imagenet2012,
  title={Imagenet classification with deep convolutional neural networks},
  author={Krizhevsky, Alex and Sutskever, Ilya and Hinton, Geoffrey E},
  booktitle={Advances in Neural Information Processing Systems},
  pages={1097--1105},
  year={2012}
}

@inproceedings{krueger:zoneout2017,
  title={Zoneout: Regularizing rnns by randomly preserving hidden activations},
  author={Krueger, David and Maharaj, Tegan and Kram{\'a}r, J{\'a}nos and Pezeshki, Mohammad and Ballas, Nicolas and Ke, Nan Rosemary and Goyal, Anirudh and Bengio, Yoshua and Larochelle, Hugo and Courville, Aaron},
  booktitle={International Conference on Learning Representations},
  year={2017},
  url={https://openreview.net/forum?id=rJqBEPcxe}
}

@article{kschischang:fg1998,
  title={Iterative decoding of compound codes by probability propagation in graphical models},
  author={Kschischang, Frank R. and Frey, Brendan J.},
  journal={IEEE Journal on Selected Areas in Communications},
  volume={16},
  number={2},
  pages={219--230},
  year={1998},
  publisher={IEEE}
}

@article{kschischang:fg2001,
  author = {Kschischang, Frank R. and Frey, Brendan J. and Loeliger, Hans-andrea},
  journal = {IEEE Transactions on Information Theory},
  pages = {498--519},
  title = {Factor Graphs and the Sum-Product Algorithm},
  volume = 47,
  year = 2001
}

@inproceedings{kucukelbir:advi2015,
  title={Automatic variational inference in {S}tan},
  author={Kucukelbir, Alp and Ranganath, Rajesh and Gelman, Andrew and Blei, David},
  booktitle={Advances in Neural Information Processing Systems},
  pages={568--576},
  year={2015}
}

@article{kullback:divergence1951,
  title={On information and sufficiency},
  author={Kullback, Solomon and Leibler, Richard A},
  journal={The annals of mathematical statistics},
  volume={22},
  number={1},
  pages={79--86},
  year={1951},
  publisher={JSTOR}
}

@book{kullback:information1959,
  title={Information theory and statistics},
  author={Kullback, Solomon},
  year={1959},
  publisher={John Wiley \& Sons}
}

@article{kusner:gan_gumbel2016,
  title={{GAN}s for Sequences of Discrete Elements with the {G}umbel-softmax Distribution},
  author={Kusner, Matt J and Hern{\'a}ndez-Lobato, Jos{\'e} Miguel},
  journal={arXiv preprint arXiv:1611.04051},
  year={2016}
}

@article{kuss:gpep2005,
  title={Assessing approximate inference for binary {G}aussian process classification},
  author={Kuss, Malte and Rasmussen, Carl Edward},
  journal={The Journal of Machine Learning Research},
  volume={6},
  pages={1679--1704},
  year={2005}
}

@book{laplace:theorie1820,
  title={Th{\'e}orie analytique des probabilit{\'e}s},
  author={Laplace, Pierre Simon},
  year={1820},
  publisher={Courcier}
}

@inproceedings{larochelle:nade2011,
  title={The neural autoregressive distribution estimator},
  author={Larochelle, Hugo and Murray, Iain},
  booktitle={Proceedings of the Fourteenth International Conference on Artificial Intelligence and Statistics},
  pages={29--37},
  year={2011}
}

@inproceedings{lawrence:vi1998,
  title={Mixture representations for inference and learning in {B}oltzmann machines},
  author={Lawrence, Neil D and Bishop, Christopher M and Jordan, Michael I},
  booktitle={Proceedings of the Fourteenth conference on Uncertainty in artificial intelligence},
  pages={320--327},
  year={1998},
  organization={Morgan Kaufmann Publishers Inc.}
}

@inproceedings{lawrence:gp_back_constraint2006,
  title={Local distance preservation in the {GP-LVM} through back constraints},
  author={Lawrence, Neil D and Qui{\~n}onero-Candela, Joaquin},
  booktitle={Proceedings of the 23rd International Conference on Machine Learning},
  pages={513--520},
  year={2006}
}

@article{le:aesmc2017,
  title={Auto-Encoding Sequential {M}onte {C}arlo},
  author={Le, Tuan Anh and Igl, Maximilian and Jin, Tom and Rainforth, Tom and Wood, Frank},
  journal={arXiv preprint arXiv:1705.10306},
  year={2017}
}

@article{lecun:backprop1989,
  title={Backpropagation applied to handwritten zip code recognition},
  author={LeCun, Yann and Boser, Bernhard and Denker, John S and Henderson, Donnie and Howard, Richard E and Hubbard, Wayne and Jackel, Lawrence D},
  journal={Neural Computation},
  volume={1},
  number={4},
  pages={541--551},
  year={1989},
  publisher={MIT Press}
}

@misc{lecun:mnist1998,
  title={The {MNIST} database of handwritten digits},
  author={LeCun, Yann and Cortes, Corinna and Burges, Christopher JC},
  year={1998},
  howpublished={\url{http://yann.lecun.com/exdb/mnist/}}
}

@article{lecun:energy2006,
  title={A tutorial on energy-based learning},
  author={LeCun, Yann and Chopra, Sumit and Hadsell, Raia and Ranzato, M and Huang, F},
  journal={Predicting structured data},
  volume={1},
  pages={0},
  year={2006}
}

@article{lecun:deeplearning2015,
  title={Deep learning},
  author={LeCun, Yann and Bengio, Yoshua and Hinton, Geoffrey},
  journal={Nature},
  volume={521},
  number={7553},
  pages={436--444},
  year={2015},
  publisher={Nature Research}
}

@inproceedings{leroux:sag2012,
  title={A stochastic gradient method with an exponential convergence rate for finite training sets},
  author={Le Roux, Nicolas and Schmidt, Mark and Bach, Francis R},
  booktitle={Advances in Neural Information Processing Systems},
  pages={2663--2671},
  year={2012}
}

@inproceedings{li:gated2015,
  title={Gated graph sequence neural networks},
  author={Li, Yujia and Tarlow, Daniel and Brockschmidt, Marc and Zemel, Richard},
  booktitle={International Conference on Learning Representations},
  year={2016},
  url={https://arxiv.org/abs/1511.05493}
}

@inproceedings{li:sgld_nn2016,
  title={Preconditioned Stochastic Gradient {L}angevin Dynamics for deep neural networks},
  author={Li, Chunyuan and Chen, Changyou and Carlson, David and Carin, Lawrence},
  booktitle={Proceedings of the Thirtieth AAAI Conference on Artificial Intelligence},
  pages={1788--1794},
  year={2016},
  organization={AAAI Press}
}

@article{li:optimize2016,
  title={Learning to optimize},
  author={Li, Ke and Malik, Jitendra},
  journal={arXiv preprint arXiv:1606.01885},
  year={2016}
}

@article{li:wild2016,
  title={Wild Variational Approximations},
  author={Li, Yingzhen and Liu, Qiang},
  journal={NIPS 2016 approximate inference workshop},
  year={2016}
}

@inproceedings{li:dropout2017,
  title={Dropout Inference in {B}ayesian Neural Networks with Alpha-divergences},
  author={Li, Yingzhen and Gal, Yarin},
  booktitle={Proceedings of the 34th International Conference on Machine Learning},
  pages={2052--2061},
  year={2017}
}

@article{li:amcmc2017,
  title={Approximate Inference with Amortised {MCMC}},
  author={Li, Yingzhen and Turner, Richard E and Liu, Qiang},
  journal={arXiv preprint arXiv:1702.08343},
  year={2017}
}

@misc{Lichman:uci_data2013 ,
author = {M. Lichman},
year = {2013},
title = {{UCI} Machine Learning Repository},
url = {http://archive.ics.uci.edu/ml},
institution = {University of California, Irvine, School of Information and Computer Sciences} } 

@article{lin:jensen_shannon1991,
  title={Divergence measures based on the Shannon entropy},
  author={Lin, Jianhua},
  journal={IEEE Transactions on Information theory},
  volume={37},
  number={1},
  pages={145--151},
  year={1991},
  publisher={IEEE}
}

@inproceedings{liu:ksd2016,
  title={A kernelized {S}tein discrepancy for goodness-of-fit tests},
  author={Liu, Qiang and Lee, Jason and Jordan, Michael},
  booktitle={Proceedings of the 33rd International Conference on Machine Learning},
  pages={276--284},
  year={2016}
}

@inproceedings{liu:svgd2016,
  title={Stein Variational Gradient Descent: A General Purpose {B}ayesian Inference Algorithm},
  author={Liu, Qiang and Wang, Dilin},
  booktitle={Advances In Neural Information Processing Systems},
  pages={2370--2378},
  year={2016}
}

@article{liu:two_wild2016,
  title={Two Methods For Wild Variational Inference},
  author={Liu, Qiang and Feng, Yihao},
  journal={arXiv preprint arXiv:1612.00081},
  year={2016}
}

@inproceedings{liu:bbis2017,
  title={Black-box Importance Sampling},
  author={Liu, Qiang and Lee, Jason},
  booktitle={Proceedings of the Twentieth International Conference on Artificial Intelligence and Statistics},
  pages={952--961},
  year={2017}
}

@inproceedings{louizos:multiplicative2017,
  title={Multiplicative Normalizing Flows for Variational {B}ayesian Neural Networks},
  author={Louizos, Christos and Welling, Max},
  booktitle={Proceedings of the 34th International Conference on Machine Learning},
  pages={2218--2227},
  year={2017}
}

@inproceedings{louizos:bayesian_compression2017,
  title={Bayesian compression for deep learning},
  author={Louizos, Christos and Ullrich, Karen and Welling, Max},
  booktitle={Advances in Neural Information Processing Systems},
  pages={3290--3300},
  year={2017}
}

@inproceedings{lyu:score2009,
  title={Interpretation and generalization of score matching},
  author={Lyu, Siwei},
  booktitle={Proceedings of the Twenty-Fifth Conference on Uncertainty in Artificial Intelligence},
  pages={359--366},
  year={2009},
  organization={AUAI Press}
}

@inproceedings{ma:mcmc_recipe2015,
  title={A complete recipe for stochastic gradient {MCMC}},
  author={Ma, Yi-An and Chen, Tianqi and Fox, Emily},
  booktitle={Advances in Neural Information Processing Systems},
  pages={2917--2925},
  year={2015}
}

@inproceedings{maaloe:agdm2016,
  title={Auxiliary Deep Generative Models},
  author={Maal{\o}e, Lars and S{\o}nderby, Casper Kaae and S{\o}nderby, S{\o}ren Kaae and Winther, Ole},
  booktitle={Proceedings of the 33rd International Conference on Machine Learning},
  pages={1445--1453},
  year={2016}
}

@article{maaten:tsne2008,
  title={Visualizing data using t-{SNE}},
  author={van der Maaten, Laurens and Hinton, Geoffrey},
  journal={Journal of Machine Learning Research},
  volume={9},
  number={Nov},
  pages={2579--2605},
  year={2008}
}

@article{mackay:practical1992,
  title={A practical {B}ayesian framework for backpropagation networks},
  author={MacKay, David JC},
  journal={Neural Computation},
  volume={4},
  number={3},
  pages={448--472},
  year={1992},
  publisher={MIT Press}
}

@TECHREPORT{mackay:ensemblelearning1997,
    author = {David J.C. MacKay},
    title = {Ensemble Learning for Hidden {M}arkov Models},
    institution = {University of Cambridge},
    year = {1997}
}

@inproceedings{mackay:density1999,
  title={Density networks},
  author={Mackay, David JC and Gibbs, Mark N},
  booktitle={Statistics and neural networks},
  pages={129--144},
  year={1999},
  organization={Oxford University Press, Inc.}
}

@inproceedings{maclaurin:sgd2016,
  title={Early stopping as nonparametric variational inference},
  author={Duvenaud, David and Maclaurin, Dougal and Adams, Ryan},
  booktitle={Proceedings of the Nineteenth International Conference on Artificial Intelligence and Statistics},
  pages={1070--1077},
  year={2016}
}

@inproceedings{maddison:concrete2017,
  title={The concrete distribution: A continuous relaxation of discrete random variables},
  author={Maddison, Chris J and Mnih, Andriy and Teh, Yee Whye},
  booktitle={International Conference on Learning Representations},
  year={2017},
  url={https://openreview.net/forum?id=S1jE5L5gl}
}

@inproceedings{maddison:fivo2017,
  title={Filtering Variational Objectives},
  author={Maddison, Chris J and Lawson, John and Tucker, George and Heess, Nicolas and Norouzi, Mohammad and Mnih, Andriy and Doucet, Arnaud and Teh, Yee},
  booktitle={Advances in Neural Information Processing Systems},
  pages={6576--6586},
  year={2017}
}

@article{makhzani:adversarial_ae2015,
  title={Adversarial autoencoders},
  author={Makhzani, Alireza and Shlens, Jonathon and Jaitly, Navdeep and Goodfellow, Ian},
  journal={arXiv preprint arXiv:1511.05644},
  year={2015}
}

@inproceedings{mandt:smoothedSVI2014,
  title={Smoothed gradients for stochastic variational inference},
  author={Mandt, Stephan and Blei, David},
  booktitle={Advances in Neural Information Processing Systems},
  pages={2438--2446},
  year={2014}
}

@inproceedings{mandt:sgd2016,
  title={A variational analysis of stochastic gradient algorithms},
  author={Mandt, Stephan and Hoffman, Matthew and Blei, David},
  booktitle={Proceedings of the 33rd International Conference on Machine Learning},
  pages={354--363},
  year={2016}
}

@article{mandt:sgd2017,
  title={Stochastic Gradient Descent as Approximate Bayesian Inference},
  author={Mandt, Stephan and Hoffman, Matthew D and Blei, David M},
  journal={Journal of Machine Learning Research},
  volume={18},
  number={134},
  pages={1--35},
  year={2017}
}

@misc{marino:vi2018,
title={Learning to Infer},
author={Joseph Marino and Yisong Yue and Stephan Mandt},
year={2018},
url={https://openreview.net/forum?id=B1Z3W-b0W},
}

@inproceedings{marlin:rbm2010,
  title={Inductive principles for restricted {B}oltzmann machine learning},
  author={Marlin, Benjamin and Swersky, Kevin and Chen, Bo and Freitas, Nando},
  booktitle={Proceedings of the Thirteenth International Conference on Artificial Intelligence and Statistics},
  pages={509--516},
  year={2010}
}

@book{maybeck:adf1982,
  author = {Peter S. Maybeck},
  publisher = {Academic Press},
  title = {Stochastic models, estimation and control},
  year = 1982
}

@inproceedings{mcallester:pac1998,
  title={Some {PAC-B}ayesian theorems},
  author={McAllester, David A},
  booktitle={Proceedings of the eleventh annual conference on Computational learning theory},
  pages={230--234},
  year={1998},
  organization={ACM}
}

@article{mcallister:data_efficientRL2016,
  title={Data-efficient reinforcement learning in continuous-state {POMDP}s},
  author={McAllister, Rowan and Rasmussen, Carl Edward},
  journal={arXiv preprint arXiv:1602.02523},
  year={2016}
}

@inproceedings{mcmahan:ftrl_proximal2013,
  title={Ad click prediction: a view from the trenches},
  author={McMahan, H Brendan and Holt, Gary and Sculley, David and Young, Michael and Ebner, Dietmar and Grady, Julian and Nie, Lan and Phillips, Todd and Davydov, Eugene and Golovin, Daniel and Chikkerur, Sharat and Liu, Dan and Wattenberg, Martin and Hrafnkelsson, Arnar Mar and Boulos, Tom and Kubica, Jeremy },
  booktitle={Proceedings of the 19th ACM SIGKDD international conference on Knowledge discovery and data mining},
  pages={1222--1230},
  year={2013},
  organization={ACM}
}

@article{meng:posterior_pvalue1994,
  title={Posterior predictive p-values},
  author={Meng, Xiao-Li},
  journal={The Annals of Statistics},
  pages={1142--1160},
  year={1994},
  publisher={JSTOR}
}

@inproceedings{meshi:convex_bethe2009,
  title={Convexifying the {B}ethe free energy},
  author={Meshi, Ofer and Jaimovich, Ariel and Globerson, Amir and Friedman, Nir},
  booktitle={Proceedings of the Twenty-Fifth Conference on Uncertainty in Artificial Intelligence},
  pages={402--410},
  year={2009},
  organization={AUAI Press}
}

@inproceedings{mescheder:avb2017,
  title={Adversarial Variational {B}ayes: Unifying Variational Autoencoders and Generative Adversarial Networks},
  author={Mescheder, Lars and Nowozin, Sebastian and Geiger, Andreas},
  booktitle={Proceedings of the 34th International Conference on Machine Learning},
  pages={2391--2400},
  year={2017}
}

@book{mezard:spin1987,
  title={Spin glass theory and beyond: An Introduction to the Replica Method and Its Applications},
  author={M{\'e}zard, Marc and Parisi, Giorgio and Virasoro, Miguel},
  volume={9},
  year={1987},
  publisher={World Scientific Publishing Co Inc}
}

@misc{microsoft:infernet2014, 
author = "Minka, T. and Winn, J.M. and Guiver, J.P. and Webster, S. and Zaykov, Y. and Yangel, B. and Spengler, A. and  Bronskill, J.",
title = {{Infer.NET 2.6}},
year = 2014,
note = {Microsoft Research Cambridge. http://research.microsoft.com/infernet}
}

@inproceedings{mikolov:recurrent2010,
  title={Recurrent Neural Network Based Language Model},
  author={Mikolov, Tom{\'a}{\v{s}} and Karafi{\'a}t, Martin and Burget, Luk{\'a}{\v{s}} and {\v{C}}ernock{\`y}, Jan and Khudanpur, Sanjeev},
  booktitle={Eleventh Annual Conference of the International Speech Communication Association},
  year={2010}
}

@conference{minka:ep2001,
  author = {Minka, Thomas P},
  booktitle = {Proceedings of the Seventeenth Conference on Uncertainty in Artificial Intelligence},
  pages = {362--369},
  title = {{Expectation propagation for approximate {B}ayesian inference}},
  volume = 17,
  year = 2001
}

@techreport{minka:ep_energy2001,
  title={The {EP} energy function and minimization schemes},
  author={Minka, Thomas P},
  year={2001},
  institution={Technical report}
}

@phdthesis{minka:thesis2001,
 author = {Minka, Thomas P},
 title = {A Family of Algorithms for Approximate {B}ayesian Inference},
 year = {2001},
 publisher = {Massachusetts Institute of Technology},
 address = {Cambridge, MA, USA},
} 

@techreport{minka:powerep2004,
  author = {Minka, Thomas P},
  institution = {Microsoft Research, Cambridge},
  number = {MSR-TR-2004-149},
  title = {{Power EP}},
  year = 2004
}

@techreport{minka:divergence2005,
  author = {Minka, Thomas P},
  institution = {Microsoft Research, Cambridge},
  number = {MSR-TR-2005-173},
  title = {Divergence measures and message passing},
  year = 2005
}

@misc{minka:infernet2010,
  title={Infer .NET 2.4, 2010. Microsoft Research Cambridge},
  author={Minka, Tom and Winn, John and Guiver, John and Knowles, David},
  year={2010}
}

@book{minsky:perceptrons1969,
  title={Perceptrons},
  author={Minsky, Marvin and Papert, Seymour},
  year={1969},
  publisher={MIT press}
}

@inproceedings{mnih:nvil2014,
  title={Neural Variational Inference and Learning in Belief Networks},
  author={Mnih, Andriy and Gregor, Karol},
  booktitle={Proceedings of the 31st International Conference on Machine Learning},
  pages={1791--1799},
  year={2014}
}

@article{mohamed:gan2016,
  title={Learning in Implicit Generative Models},
  author={Mohamed, Shakir and Lakshminarayanan, Balaji},
  journal={arXiv preprint arXiv:1610.03483},
  year={2016}
}

@inproceedings{morris:recognition2001,
  title={Recognition networks for approximate inference in {BN20} networks},
  author={Morris, Quaid},
  booktitle={Proceedings of the Seventeenth conference on Uncertainty in artificial intelligence},
  pages={370--377},
  year={2001},
  organization={Morgan Kaufmann Publishers Inc.}
}

@inproceedings{mnih:vimco2016,
  title={Variational Inference for {M}onte {C}arlo Objectives},
  author={Mnih, Andriy and Rezende, Danilo},
  booktitle={Proceedings of the 33rd International Conference on Machine Learning},
  pages={2188--2196},
  year={2016}
}

@inproceedings{molchanov:variational_dropout2017,
  title={Variational Dropout Sparsifies Deep Neural Networks},
  author={Molchanov, Dmitry and Ashukha, Arsenii and Vetrov, Dmitry},
  booktitle={Proceedings of the 34th International Conference on Machine Learning},
  pages={2498--2507},
  year={2017}
}

@article{morimoto:divergence1963,
  title={Markov processes and the {H}-theorem},
  author={Morimoto, Tetsuzo},
  journal={Journal of the Physical Society of Japan},
  volume={18},
  number={3},
  pages={328--331},
  year={1963},
  publisher={The Physical Society of Japan}
}

@inproceedings{movckus:bo1975,
  title={On {B}ayesian methods for seeking the extremum},
  author={Mo{\v{c}}kus, J},
  booktitle={Optimization Techniques IFIP Technical Conference},
  pages={400--404},
  year={1975},
  organization={Springer}
}

@phdthesis{murray:mcmc2007,
  title={Advances in {M}arkov chain {M}onte {C}arlo methods},
  author={Iain Murray},
  type={{P}h{D} thesis},
  school={Gatsby computational neuroscience unit, University College London},
  year={2007}
}

@inproceedings{naesseth:rejection2017,
  title={Reparameterization Gradients through Acceptance-Rejection Sampling Algorithms},
  author={Naesseth, Christian and Ruiz, Francisco and Linderman, Scott and Blei, David},
  booktitle={Proceedings of the Twentieth International Conference on Artificial Intelligence and Statistics},
  pages={489--498},
  year={2017}
}

@article{naesseth:vsmc2017,
  title={Variational Sequential {M}onte {C}arlo},
  author={Naesseth, Christian A and Linderman, Scott W and Ranganath, Rajesh and Blei, David M},
  journal={arXiv preprint arXiv:1705.11140},
  year={2017}
}

@inproceedings{naik:meta1992,
  title={Meta-neural networks that learn by learning},
  author={Naik, Devang K and Mammone, RJ},
  booktitle={Neural Networks, 1992. IJCNN., International Joint Conference on},
  volume={1},
  pages={437--442},
  year={1992},
  organization={IEEE}
}

@techreport{neal:bnn1992,
  title={Bayesian training of backpropagation networks by the hybrid {M}onte {C}arlo method},
  author={Neal, Radford M},
  year={1992},
  institution={University of Toronto}
}

@phdthesis{neal:thesis1995,
  title={Bayesian learning for neural networks},
  author={Neal, Radford M},
  year={1995},
  school={University of Toronto}
}

@incollection{neal:em1998,
  title={A view of the {EM} algorithm that justifies incremental, sparse, and other variants},
  author={Neal, Radford M and Hinton, Geoffrey E},
  booktitle={Learning in graphical models},
  pages={355--368},
  year={1998},
  publisher={Springer}
}

@article{neal:ais2001,
  title={Annealed importance sampling},
  author={Neal, Radford M},
  journal={Statistics and Computing},
  volume={11},
  number={2},
  pages={125--139},
  year={2001},
  publisher={Springer}
}

@article{neal:mcmc2011,
  title={{MCMC} using {H}amiltonian dynamics},
  author={Neal, Radford M},
  journal={Handbook of Markov Chain Monte Carlo},
  volume={2},
  pages={113--162},
  year={2011}
}

@book{nemirovsky:opt1983,
  title={Problem Complexity and Method Efficiency in Optimization},
  author={Nemirovski, Arkadi and Yudin, David Borisovich},
  year={1983},
  publisher={J. Wiley @ Sons, New York}
}

@inproceedings{nguyen:divergence2007,
  title={Estimating divergence functionals and the likelihood ratio by penalized convex risk minimization},
  author={Nguyen, XuanLong and Wainwright, Martin J and Jordan, Michael I},
  booktitle={Advances in Neural Information Processing Systems},
  pages={1089--1096},
  year={2007}
}

@article{nguyen:divergence2010,
  title={Estimating divergence functionals and the likelihood ratio by convex risk minimization},
  author={Nguyen, XuanLong and Wainwright, Martin J and Jordan, Michael I},
  journal={IEEE Transactions on Information Theory},
  volume={56},
  number={11},
  pages={5847--5861},
  year={2010},
  publisher={IEEE}
}

@inproceedings{nowozin:fgan2016,
  title={f-{GAN}: Training generative neural samplers using variational divergence minimization},
  author={Nowozin, Sebastian and Cseke, Botond and Tomioka, Ryota},
  booktitle={Advances in Neural Information Processing Systems},
  pages={271--279},
  year={2016}
}

@article{oates:mc_integration2017,
  title={Control functionals for {M}onte {C}arlo integration},
  author={Oates, Chris J and Girolami, Mark and Chopin, Nicolas},
  journal={Journal of the Royal Statistical Society: Series B (Statistical Methodology)},
  volume={79},
  number={3},
  pages={695--718},
  year={2017},
  publisher={Wiley Online Library}
}

@article{ohagan:bayesian_quadrature1991,
  title={Bayes-{H}ermite quadrature},
  author={O'Hagan, Anthony},
  journal={Journal of statistical planning and inference},
  volume={29},
  number={3},
  pages={245--260},
  year={1991},
  publisher={Elsevier}
}

@article{opper:ec2005,
  title={Expectation consistent approximate inference},
  author={Opper, Manfred and Winther, Ole},
  journal={The Journal of Machine Learning Research},
  volume={6},
  pages={2177--2204},
  year={2005}
}

@inproceedings{paige:smc2016,
  title={Inference networks for sequential {M}onte {C}arlo in graphical models},
  author={Paige, Brooks and Wood, Frank},
  booktitle={Proceedings of the 33rd International Conference on Machine Learning},
  pages={3040--3049},
  year={2016}
}

@inproceedings{paisley:bbvi2012,
  title={Variational {Bayesian} inference with stochastic search},
  author={Paisley, John and Blei, David and Jordan, Michael},
  booktitle = { Proceedings of the 29th International Conference on Machine Learning},
  pages={1363--1370},
  year={2012}
}

@article{papernot:cleverhans2016,
  title={cleverhans v1.0.0: an adversarial machine learning library},
  author={Papernot, Nicolas and Goodfellow, Ian and Sheatsley, Ryan and Feinman, Reuben and McDaniel, Patrick},
  journal={arXiv preprint arXiv:1610.00768},
  year={2016}
}

@book{parisi:book1988,
  title={Statistical field theory},
  author={Parisi, Giorgio},
  year={1988},
  publisher={Addison-Wesley}
}

@inproceedings{pearl:bp1982,
  title={Reverend {B}ayes on inference engines: A distributed hierarchical approach},
  author={Pearl, Judea},
  booktitle = { The Second National Conference on Artificial Intelligence (AAAI-82) },
  year={1982}
}

@book{pearl:book1988,
 author = {Pearl, Judea},
 title = {Probabilistic Reasoning in Intelligent Systems: Networks of Plausible Inference},
 year = {1988},
 isbn = {0-934613-73-7},
 publisher = {Morgan Kaufmann Publishers Inc.},
 address = {San Francisco, CA, USA},
} 

@article{pearson:pca1901,
  title={On lines and planes of closest fit to systems of points in space},
  author={Pearson, Karl},
  journal={The London, Edinburgh, and Dublin Philosophical Magazine and Journal of Science},
  volume={2},
  number={11},
  pages={559--572},
  year={1901},
  publisher={Taylor \& Francis}
}

@article{peterson:mean_field1987,
  added-at = {2008-09-16T23:39:07.000+0200},
  author = {Peterson, C. and Anderson, J. R.},
  biburl = {https://www.bibsonomy.org/bibtex/294c49c90e22d9ab8943e9cd0f1582827/brian.mingus},
  description = {CCNLab BibTeX},
  interhash = {4b4727a6556b8b41fc9ce70c46db7334},
  intrahash = {94c49c90e22d9ab8943e9cd0f1582827},
  journal = {Complex Systems},
  keywords = {nnets},
  pages = {995-1019},
  timestamp = {2008-09-16T23:40:54.000+0200},
  title = {A Mean Field Theory Learning Algorithm for Neural Networks},
  volume = 1,
  year = 1987
}

@book{peterson:ecc1972,
  title={Error-correcting codes},
  author={Peterson, William Wesley and Weldon, Edward J},
  year={1972},
  publisher={MIT press}
}

@article{pyzer:cep2015,
  title={Learning from the {H}arvard Clean Energy Project: The Use of Neural Networks to Accelerate Materials Discovery},
  author={Pyzer-Knapp, Edward O and Li, Kewei and Aspuru-Guzik, Alan},
  journal={Advanced Functional Materials},
  volume={25},
  number={41},
  pages={6495--6502},
  year={2015},
  publisher={Wiley Online Library}
}

@inproceedings{qi+minka:sparseGP2010,
  author = {Qi, Yuan and Abdel-Gawad, Ahmed H and Minka, Thomas P},
  booktitle = { Uncertainty and Artificial Intelligence},
  title = {Sparse-posterior {G}aussian Processes for general likelihoods.},
  year = 2010
}

@inproceedings{qi:rep2013,
  title={Message passing with l1 penalized {KL} minimization},
  author={Qi, Yuan and Guo, Yandong},
  booktitle={Proceedings of the 30th International Conference on Machine Learning},
  pages={262--270},
  year={2013}
}

@article{qin:ratio1998,
  title={Inferences for case-control and semiparametric two-sample density ratio models},
  author={Qin, Jing},
  journal={Biometrika},
  volume={85},
  number={3},
  pages={619--630},
  year={1998},
  publisher={Biometrika Trust}
}

@inproceedings{radford:dcgan2016,
  title={Unsupervised representation learning with deep convolutional generative adversarial networks},
  author={Radford, Alec and Metz, Luke and Chintala, Soumith},
  booktitle={International Conference on Learning Representations},
  year={2016},
  url={https://arxiv.org/abs/1511.06434}
}

@inproceedings{ranganath:bbvi2014,
  title={Black box variational inference},
  author={Ranganath, Rajesh and Gerrish, Sean and Blei, David},
  booktitle={Proceedings of the Seventeenth International Conference on Artificial Intelligence and Statistics},
  pages={814--822},
  year={2014}
}

@inproceedings{ranganath:hvm2016,
  title={Hierarchical variational models},
  author={Ranganath, Rajesh and Tran, Dustin and Blei, David},
  booktitle={Proceedings of the 33rd International Conference on Machine Learning},
  pages={324--333},
  year={2016}
}

@inproceedings{ranganath:ovi2016,
  title={Operator variational inference},
  author={Ranganath, Rajesh and Tran, Dustin and Altosaar, Jaan and Blei, David},
  booktitle={Advances in Neural Information Processing Systems},
  pages={496--504},
  year={2016}
}

@article{rasmussen:gp_hmc2003,
  title={Gaussian processes to speed up hybrid {M}onte {C}arlo for expensive bayesian integrals},
  author={Rasmussen, Carl Edward},
  journel={Bayesian Statistics},
  volume={7},
  pages={175--184},
  year = {2003}
}

@Article{renyi:divergence1961,
author = {R{\'e}nyi, Alfr{\'e}d},
title = {On measures of entropy and information},
journal = {Fourth Berkeley symposium on mathematical statistics and probability},
year = {1961},
volume = {1}
}

@inproceedings{rezende:vae2014,
  title={Stochastic backpropagation and approximate inference in deep generative models},
  author={Rezende, Danilo Jimenez and Mohamed, Shakir and Wierstra, Daan},
  booktitle={Proceedings of the 31st International Conference on Machine Learning},
  pages={1278--1286},
  year={2014}
}

@inproceedings{rezende:flow2015,
  title={Variational Inference with Normalizing Flows},
  author={Rezende, Danilo and Mohamed, Shakir},
  booktitle={Proceedings of the 32nd International Conference on Machine Learning},
  pages={1530--1538},
  year={2015}
}

@phdthesis{ring:thesis1994,
  title={Continual learning in reinforcement environments},
  author={Ring, Mark Bishop},
  year={1994},
  school={University of Texas at Austin}
}

@article{ring:child1997,
  title={{CHILD}: A first step towards continual learning},
  author={Ring, Mark B},
  journal={Machine Learning},
  volume={28},
  number={1},
  pages={77--104},
  year={1997},
  publisher={Springer}
}


@article{roberts:mala1998,
  title={Optimal scaling of discrete approximations to {L}angevin diffusions},
  author={Roberts, Gareth O and Rosenthal, Jeffrey S},
  journal={Journal of the Royal Statistical Society: Series B (Statistical Methodology)},
  volume={60},
  number={1},
  pages={255--268},
  year={1998},
  publisher={Wiley Online Library}
}

@article{robbins:stochastic1951,
  title={A stochastic approximation method},
  author={Robbins, Herbert and Monro, Sutton},
  journal={The annals of mathematical statistics},
  pages={400--407},
  year={1951},
  publisher={JSTOR}
}

@inproceedings{roeder:sticking2017,
  title={Sticking the landing: Simple, lower-variance gradient estimators for variational inference},
  author={Roeder, Geoffrey and Wu, Yuhuai and Duvenaud, David K},
  booktitle={Advances in Neural Information Processing Systems},
  pages={6928--6937},
  year={2017}
}

@book{ross:book2002,
 author = {Ross, Sheldon M.},
 title = {Simulation},
 year = {2002},
 isbn = {0125980531},
 edition = {3rd},
 publisher = {Academic Press, Inc.},
 address = {Orlando, FL, USA},
} 

@article{roweis:linear1999,
  title={A unifying review of linear Gaussian models},
  author={Roweis, Sam and Ghahramani, Zoubin},
  journal={Neural Computation},
  volume={11},
  number={2},
  pages={305--345},
  year={1999},
  publisher={MIT Press}
}

@inproceedings{ruiz:generalized_reparam2016,
  title={The generalized reparameterization gradient},
  author={Ruiz, Francisco R and AUEB, Michalis Titsias RC and Blei, David},
  booktitle={Advances in Neural Information Processing Systems},
  pages={460--468},
  year={2016}
}

@techreport{rumelhart:learning1985,
  title={Learning internal representations by error propagation},
  author={Rumelhart, David E and Hinton, Geoffrey E and Williams, Ronald J},
  year={1985},
  institution={DTIC Document}
}

@article{rumelhart:backprop1986,
  title={Learning representations by back-propagating errors},
  author={Rumelhart, David E and Hinton, Geoffrey E and Williams, Ronald J},
  journal={Nature},
  volume={323},
  pages={9},
  year={1986}
}

@article{ruppert:lpr1994,
  title={Multivariate locally weighted least squares regression},
  author={Ruppert, David and Wand, Matthew P},
  journal={The Annals of Statistics},
  pages={1346--1370},
  year={1994},
  publisher={JSTOR}
}

@inproceedings{salakhutdinov:ais2008,
  title={On the quantitative analysis of deep belief networks},
  author={Salakhutdinov, Ruslan and Murray, Iain},
  booktitle={Proceedings of the 25th International Conference on Machine Learning},
  pages={872--879},
  year={2008}
}

@article{salimans:reparam2013,
  title={Fixed-form variational posterior approximation through stochastic linear regression},
  author={Salimans, Tim and Knowles, David A},
  journal={{B}ayesian Analysis},
  volume={8},
  number={4},
  pages={837--882},
  year={2013},
  publisher={International Society for {B}ayesian Analysis}
}

@inproceedings{salimans:mcmcvi2015,
  title={Markov chain {M}onte {C}arlo and variational inference: Bridging the gap},
  author={Salimans, Tim and Kingma, Diederik and Welling, Max},
  booktitle={Proceedings of the 32nd International Conference on Machine Learning},
  pages={1218--1226},
  year={2015}
}

@inproceedings{salimans:training2016,
  title={Improved techniques for training {GAN}s},
  author={Salimans, Tim and Goodfellow, Ian and Zaremba, Wojciech and Cheung, Vicki and Radford, Alec and Chen, Xi},
  booktitle={Advances in Neural Information Processing Systems},
  pages={2234--2242},
  year={2016}
}

@article{sarela:denoising2005,
  title={Denoising source separation},
  author={S{\"a}rel{\"a}, Jaakko and Valpola, Harri},
  journal={Journal of machine learning research},
  volume={6},
  number={Mar},
  pages={233--272},
  year={2005}
}

@inproceedings{sasaki:gradient2014,
  title={Clustering via mode seeking by direct estimation of the gradient of a log-density},
  author={Sasaki, Hiroaki and Hyv{\"a}rinen, Aapo and Sugiyama, Masashi},
  booktitle={Joint European Conference on Machine Learning and Knowledge Discovery in Databases},
  pages={19--34},
  year={2014},
  organization={Springer}
}

@inproceedings{sasaki:gradient2015,
  title={Direct density-derivative estimation and its application in {KL}-divergence approximation},
  author={Sasaki, Hiroaki and Noh, Yung-Kyun and Sugiyama, Masashi},
  booktitle={Proceedings of the Eightteenth International Conference on Artificial Intelligence and Statistics},
  pages={809--818},
  year={2015}
}

@article{sato:vb2001,
  title={Online model selection based on the variational {B}ayes},
  author={Sato, Masa-Aki},
  journal={Neural Computation},
  volume={13},
  number={7},
  pages={1649--1681},
  year={2001},
  publisher={MIT Press}
}

@article{saul:mean_field1996,
  title={Mean field theory for sigmoid belief networks},
  author={Saul, Lawrence K and Jaakkola, Tommi and Jordan, Michael I},
  journal={Journal of artificial intelligence research},
  volume={4},
  pages={61--76},
  year={1996}
}

@inproceedings{saul:structured1996,
  title={Exploiting tractable substructures in intractable networks},
  author={Saul, Lawrence K and Jordan, Michael I},
  booktitle={Advances in Neural Information Processing Systems},
  pages={486--492},
  year={1996}
}

@article{scarselli:graph2009,
  title={The graph neural network model},
  author={Scarselli, Franco and Gori, Marco and Tsoi, Ah Chung and Hagenbuchner, Markus and Monfardini, Gabriele},
  journal={IEEE Transactions on Neural Networks},
  volume={20},
  number={1},
  pages={61--80},
  year={2009},
  publisher={IEEE}
}

@phdthesis{schmidhuber:thesis1987,
  title={Evolutionary principles in self-referential learning, or on learning how to learn: the meta-meta-... hook},
  author={Schmidhuber, J{\"u}rgen},
  year={1987},
  school={Technische Universit{\"a}t M{\"u}nchen}
}

@article{schmidhuber:deeplearning2015,
  title={Deep learning in neural networks: An overview},
  author={Schmidhuber, J{\"u}rgen},
  journal={Neural Networks},
  volume={61},
  pages={85--117},
  year={2015},
  publisher={Elsevier}
}

@article{schwarz:bic1978,
  title={Estimating the dimension of a model},
  author={Schwarz, Gideon},
  journal={The Annals of Statistics},
  volume={6},
  number={2},
  pages={461--464},
  year={1978},
  publisher={Institute of Mathematical Statistics}
}

@article{schwarz:pc2018,
  title={Progress \& Compress: A scalable framework for continual learning},
  author={Schwarz, Jonathan and Luketina, Jelena and Czarnecki, Wojciech M and Grabska-Barwinska, Agnieszka and Teh, Yee Whye and Pascanu, Razvan and Hadsell, Raia},
  journal={arXiv preprint arXiv:1805.06370},
  year={2018}
}

@techreport{seeger:ep2005,
  title={Expectation propagation for exponential families},
  author={Seeger, Matthias},
  institution = {EPFL-REPORT-161464},
  year={2005}
}

@InProceedings{sennrich:Edinburgh2016,
  author    = {Sennrich, Rico  and  Haddow, Barry  and  Birch, Alexandra},
  title     = {Edinburgh Neural Machine Translation Systems for {WMT} 16},
  booktitle = {Proceedings of the First Conference on Machine Translation},
  month     = {August},
  year      = {2016},
  address   = {Berlin, Germany},
  publisher = {Association for Computational Linguistics},
  pages     = {371--376}
}

@inproceedings{shi:kivi2018,
title={Kernel Implicit Variational Inference},
author={Jiaxin Shi and Shengyang Sun and Jun Zhu},
booktitle={International Conference on Learning Representations},
year={2018},
url={https://openreview.net/forum?id=r1l4eQW0Z}
}

@article{singh:kernel_gradient1977,
  title={Improvement on some known nonparametric uniformly consistent estimators of derivatives of a density},
  author={Singh, Radhey S},
  journal={The Annals of Statistics},
  pages={394--399},
  year={1977},
  publisher={JSTOR}
}

@inproceedings{singh:swapout2016,
  title={Swapout: Learning an ensemble of deep architectures},
  author={Singh, Saurabh and Hoiem, Derek and Forsyth, David},
  booktitle={Advances in Neural Information Processing Systems},
  pages={28--36},
  year={2016}
}

@article{silver:alphago2016,
  title={Mastering the game of {G}o with deep neural networks and tree search},
  author={Silver, David and Huang, Aja and Maddison, Chris J and Guez, Arthur and Sifre, Laurent and Van Den Driessche, George and Schrittwieser, Julian and Antonoglou, Ioannis and Panneershelvam, Veda and Lanctot, Marc and Dieleman, Sander and Grewe, Dominik and Nham, John and Kalchbrenner, Nal and Sutskever, Ilya and Lillicrap, Timothy P and Leach, Madeleine and Kavukcuoglu, Koray and Graepel, Thore and Hassabis, Demis},
  journal={Nature},
  volume={529},
  number={7587},
  pages={484--489},
  year={2016},
  publisher={Nature Research}
}

@article{silver:alphagozero2017,
  title={Mastering the game of go without human knowledge},
  author={Silver, David and Schrittwieser, Julian and Simonyan, Karen and Antonoglou, Ioannis and Huang, Aja and Guez, Arthur and Hubert, Thomas and Baker, Lucas and Lai, Matthew and Bolton, Adrian and Chen, Yutian and Lillicrap, Timothy and Hui, Fan and Sifre, Laurent and van den Driessche, George and Graepel, Thore and Hassabis, Demis},
  journal={Nature},
  volume={550},
  number={7676},
  pages={354},
  year={2017},
  publisher={Nature Publishing Group}
}

@inproceedings{smith:sgd2018,
title={A Bayesian Perspective on Generalization and Stochastic Gradient Descent},
author={Samuel L. Smith and Quoc V. Le},
booktitle={International Conference on Learning Representations},
year={2018},
url={https://openreview.net/forum?id=BJij4yg0Z}
}

@inproceedings{smola:sparse2000,
  title={Sparse Greedy Matrix Approximation for Machine Learning},
  author={Smola, Alex J and Sch{\"o}kopf, Bernhard},
  booktitle={Proceedings of the 17th International Conference on Machine Learning},
  pages={911--918},
  year={2000}
}

@inproceedings{smola:kernel_embedding2007,
  title={A {H}ilbert space embedding for distributions},
  author={Smola, Alex and Gretton, Arthur and Song, Le and Sch{\"o}lkopf, Bernhard},
  booktitle={International Conference on Algorithmic Learning Theory},
  pages={13--31},
  year={2007},
  organization={Springer}
}

@inproceedings{snelson:compact2005,
  title={Compact approximations to Bayesian predictive distributions},
  author={Snelson, Edward and Ghahramani, Zoubin},
  booktitle={Proceedings of the 22nd International Conference on Machine Learning},
  pages={840--847},
  year={2005},
}

@inproceedings{snelson:sparse_gp2006,
  title={Sparse {G}aussian processes using pseudo-inputs},
  author={Snelson, Edward and Ghahramani, Zoubin},
  booktitle={Advances in Neural Information Processing Systems},
  pages={1257--1264},
  year={2006}
}

@inproceedings{snoek:bo2012,
  author = {Snoek, Jasper and Larochelle, Hugo and Adams, Ryan P},
  year = {2012},
  title = {Practical {B}ayesian Optimization of Machine Learning Algorithms},
  pages={2951--2959},
  booktitle = {Advances in Neural Information Processing Systems}
}

@inproceedings{sonderby:ladder_vae2016,
  title={Ladder variational autoencoders},
  author={S{\o}nderby, Casper Kaae and Raiko, Tapani and Maal{\o}e, Lars and S{\o}nderby, S{\o}ren Kaae and Winther, Ole},
  booktitle={Advances in Neural Information Processing Systems},
  pages={3738--3746},
  year={2016}
}

@inproceedings{sonderby:mapsr2016,
  title={Amortised {MAP} Inference for Image Super-resolution},
  author={Sonderby, Casper Kaae and Caballero, Jose and Theis, Lucas and Shi, Wenzhe and Husz{\'a}r, Ferenc},
  booktitle={International Conference on Learning Representations},
  year={2017},
  url={https://openreview.net/forum?id=S1RP6GLle}
}

@inproceedings{song:kbp2011,
  title={Kernel Belief Propagation},
  author={Song, Le and Gretton, Arthur and Bickson, Danny and Low, Yucheng and Guestrin, Carlos},
  booktitle={Proceedings of the Fourteenth International Conference on Artificial Intelligence and Statistics},
  pages={707--715},
  year={2011}
}

@article{srivastava:dropout2014,
  title={Dropout: a simple way to prevent neural networks from overfitting.},
  author={Srivastava, Nitish and Hinton, Geoffrey E and Krizhevsky, Alex and Sutskever, Ilya and Salakhutdinov, Ruslan},
  journal={Journal of Machine Learning Research},
  volume={15},
  number={1},
  pages={1929--1958},
  year={2014}
}

@misc{stan:pystan2014,
  author = {{Stan Development Team}},
  year = {2014},
  title = {PyStan: the Python interface to Stan,
           Version 2.5.0},
  url = {http://mc-stan.org/pystan.html}
}

@inproceedings{stein:stein_method1972,
author = "Stein, Charles M",
booktitle = "Proceedings of the Sixth Berkeley Symposium on Mathematical Statistics and Probability, Volume 2: Probability Theory",
pages = "583--602",
title = "A bound for the error in the normal approximation to the distribution of a sum of dependent random variables",
year = "1972"
}

@article{stein:stein_method_multi1981,
  title={Estimation of the mean of a multivariate normal distribution},
  author={Stein, Charles M},
  journal={The Annals of Statistics},
  pages={1135--1151},
  year={1981},
  publisher={JSTOR}
}

@article{stone:spline1985,
  title={Additive regression and other nonparametric models},
  author={Stone, Charles J},
  journal={The Annals of Statistics},
  pages={689--705},
  year={1985},
  publisher={JSTOR}
}

@inproceedings{strathmann:kmc2015,
  title={Gradient-free {H}amiltonian {M}onte {C}arlo with efficient kernel exponential families},
  author={Strathmann, Heiko and Sejdinovic, Dino and Livingstone, Samuel and Szabo, Zoltan and Gretton, Arthur},
  booktitle={Advances in Neural Information Processing Systems},
  pages={955--963},
  year={2015}
}

@inproceedings{stuhlmuller:inverse2013,
  title={Learning stochastic inverses},
  author={Stuhlm{\"u}ller, Andreas and Taylor, Jacob and Goodman, Noah},
  booktitle={Advances in Neural Information Processing Systems},
  pages={3048--3056},
  year={2013}
}

@article{sugiyama:ratio2009,
  title={A density-ratio framework for statistical data processing},
  author={Sugiyama, Masashi and Kanamori, Takafumi and Suzuki, Taiji and Hido, Shohei and Sese, Jun and Takeuchi, Ichiro and Wang, Liwei},
  journal={Information and Media Technologies},
  volume={4},
  number={4},
  pages={962--987},
  year={2009}
}

@article{sugiyama:ratio2012,
  title={Density-ratio matching under the {B}regman divergence: a unified framework of density-ratio estimation},
  author={Sugiyama, Masashi and Suzuki, Taiji and Kanamori, Takafumi},
  journal={Annals of the Institute of Statistical Mathematics},
  volume={64},
  number={5},
  pages={1009--1044},
  year={2012}
}

@inproceedings{sundermeyer:lstm2012,
  title={{LSTM} Neural Networks for Language Modeling.},
  author={Sundermeyer, Martin and Schl{\"u}ter, Ralf and Ney, Hermann},
  booktitle={INTERSPEECH},
  year={2012}
}

@inproceedings{sutskever:sequence2014,
  title={Sequence to sequence learning with neural networks},
  author={Sutskever, Ilya and Vinyals, Oriol and Le, Quoc V},
  booktitle={Advances in Neural Information Processing Systems},
  pages={3104--3112},
  year={2014}
}

@inproceedings{sutton:policy_gradient2000,
  title={Policy gradient methods for reinforcement learning with function approximation},
  author={Sutton, Richard S and McAllester, David A and Singh, Satinder P and Mansour, Yishay},
  booktitle={Advances in Neural Information Processing Systems},
  pages={1057--1063},
  year={2000}
}

@inproceedings{szegedy:going2014,
  title={Going Deeper With Convolutions},
  author={Szegedy, Christian and Liu, Wei and Jia, Yangqing and Sermanet, Pierre and Reed, Scott and Anguelov, Dragomir and Erhan, Dumitru and Vanhoucke, Vincent and Rabinovich, Andrew},
  booktitle={Proceedings of the IEEE conference on Computer Vision and Pattern Recognition},
  year={2015}
}

@article{teh:snep2015,
  title={Distributed {B}ayesian learning with stochastic natural gradient expectation propagation and the posterior server},
  author={Hasenclever, Leonard and Webb, Stefan and Lienart, Thibaut and Vollmer, Sebastian and Lakshminarayanan, Balaji and Blundell, Charles and Teh, Yee Whye},
  journal={Journal of Machine Learning Research},
  volume={18},
  number={106},
  pages={1--37},
  year={2017}
}

@inproceedings{theis:eval2016,
  author = {Lucas Theis and Aaron van den Oord and Matthias Bethge},
  title = {A note on the evaluation of generative models},
  year = {2016},
  booktitle = {International Conference on Learning Representations},
  url = {https://arxiv.org/abs/1511.01844}
}

@book{thrun:meta1998,
  title={Learning to learn},
  author={Thrun, Sebastian and Pratt, Lorien},
  year={1998},
  publisher={Springer Science \& Business Media}
}

@inproceedings{titsias:local_expectation2015,
  title={Local expectation gradients for black box variational inference},
  author={Titsias, Michalis and L{\'a}zaro-Gredilla, Miguel},
  booktitle={Advances in Neural Information Processing Systems},
  pages={2638--2646},
  year={2015}
}

@inproceedings{tolstikhin:wae2018,
title={Wasserstein Auto-Encoders},
author={Ilya Tolstikhin and Olivier Bousquet and Sylvain Gelly and Bernhard Schoelkopf},
booktitle={International Conference on Learning Representations},
year={2018},
url={https://openreview.net/forum?id=HkL7n1-0b},
}

@inproceedings{tran:vgp2016,
  title={The variational {G}aussian process},
  author={Tran, Dustin and Ranganath, Rajesh and Blei, David M},
  booktitle={International Conference on Learning Representations},
  year={2016},
  url={https://arxiv.org/abs/1511.06499}
}

@inproceedings{tran:implicit2017,
  title={Hierarchical Implicit Models and Likelihood-Free Variational Inference},
  author={Tran, Dustin and Ranganath, Rajesh and Blei, David},
  booktitle={Advances in Neural Information Processing Systems},
  pages={5529--5539},
  year={2017}
}

@article{tsallis:divergence1988,
  title={Possible generalization of {Boltzmann-Gibbs} statistics},
  author={Tsallis, Constantino},
  journal={Journal of statistical physics},
  volume={52},
  number={1-2},
  pages={479--487},
  year={1988},
  publisher={Springer}
}

@incollection{turner:amplitude2011,
 title ={Probabilistic amplitude and frequency demodulation},
 author={Richard E. Turner and Maneesh Sahani},
 booktitle = {Advances in Neural Information Processing Systems},
 pages = {981--989},
 year = {2011}
}

@incollection{turner:two_problems2011,
  author = 	 {R. E. Turner and M. Sahani},
  title = 	 {Two problems with variational expectation
                  maximisation for time-series models},
  booktitle = 	 {Bayesian Time series models},
  pages = 	 {109--130},
  publisher = {Cambridge University Press},
  year = 	 2011,
  editor = 	 {D. Barber and T. Cemgil and S. Chiappa},
  chapter = 	 5
}

@article{uehara:gan2016,
  title={Generative Adversarial Nets from a Density Ratio Estimation Perspective},
  author={Uehara, Masatoshi and Sato, Issei and Suzuki, Masahiro and Nakayama, Kotaro and Matsuo, Yutaka},
  journal={arXiv preprint arXiv:1610.02920},
  year={2016}
}

@article{van_erven:renyi2014,
  title={R{\'e}nyi divergence and {Kullback-Leibler} divergence},
  author={Van Erven, Tim and Harremo{\"e}s, Peter},
  journal={Information Theory, IEEE Transactions on},
  volume={60},
  number={7},
  pages={3797--3820},
  year={2014},
  publisher={IEEE}
}

@inproceedings{venna:som2003,
  title={Visualizing high-dimensional posterior distributions in {B}ayesian modeling},
  author={Venna, Jarkko and Kaski, Samuel},
  booktitle={Artificial Neural Networks and Neural Information Processing-Supplementary proceedings ICANN/ICONIP 2003},
  year={2003},
}

@book{villani:optimal_transport2008,
  title={Optimal transport: old and new},
  author={Villani, C{\'e}dric},
  year={2008},
  publisher={Springer Science \& Business Media}
}

@inproceedings{vincent:denoising2008,
  title={Extracting and composing robust features with denoising autoencoders},
  author={Vincent, Pascal and Larochelle, Hugo and Bengio, Yoshua and Manzagol, Pierre-Antoine},
  booktitle={Proceedings of the 25th International Conference on Machine Learning},
  pages={1096--1103},
  year={2008},
}

@article{vincent:denoising2011,
  title={A connection between score matching and denoising autoencoders},
  author={Vincent, Pascal},
  journal={Neural Computation},
  volume={23},
  number={7},
  pages={1661--1674},
  year={2011},
  publisher={MIT Press}
}

@article{wainwright:trw2005,
  title={A new class of upper bounds on the log partition function},
  author={Wainwright, Martin J and Jaakkola, Tommi S and Willsky, Alan S},
  journal={IEEE Transactions on Information Theory},
  volume={51},
  number={7},
  pages={2313--2335},
  year={2005},
  publisher={IEEE}
}

@article{wainwright:graphical2008,
  title={Graphical models, exponential families, and variational inference},
  author={Wainwright, Martin J and Jordan, Michael I},
  journal={Foundations and Trends{\textregistered} in Machine Learning},
  volume={1},
  number={1-2},
  pages={1--305},
  year={2008},
  publisher={Now Publishers Inc.}
}

@inproceedings{wan:dropconnect2013,
  title={Regularization of neural networks using dropconnect},
  author={Wan, Li and Zeiler, Matthew and Zhang, Sixin and Le Cun, Yann and Fergus, Rob},
  booktitle={Proceedings of the 30th International Conference on Machine Learning},
  pages={1058--1066},
  year={2013}
}

@inproceedings{wang:fast_dropout2013,
  title={Fast dropout training},
  author={Wang, Sida and Manning, Christopher},
  booktitle={Proceedings of the 30th International Conference on Machine Learning},
  pages={118--126},
  year={2013}
}

@article{wang:amortisedsvgd2016,
  title={Learning to Draw Samples: With Application to Amortized {MLE} for Generative Adversarial Learning},
  author={Wang, Dilin and Liu, Qiang},
  journal={arXiv preprint arXiv:1611.01722},
  year={2016}
}

@inproceedings{webb:alpha_vimco2016,
  title={A Tighter {M}onte {C}arlo Objective with {R}enyi alpha-Divergence Measures},
  author={Webb, Stefan and Teh, Yee Whye},
  booktitle={NIPS workshop on Bayesian deep learning},
  year={2016}
}

@inproceedings{welling:sgld2011,
  title={Bayesian learning via stochastic gradient {L}angevin dynamics},
  author={Welling, Max and Teh, Yee Whye},
  booktitle={Proceedings of the 28th International Conference on Machine Learning},
  pages={681--688},
  year={2011}
}

@inproceedings{wiegerinck:fractional_bp2003,
  title={Fractional belief propagation},
  author={Wiegerinck, Wim and Heskes, Tom},
  booktitle={Advances in Neural Information Processing Systems},
  pages={438--445},
  year={2003}
}

@article{williams:reinforce1992,
  title={Simple statistical gradient-following algorithms for connectionist reinforcement learning},
  author={Williams, Ronald J},
  journal={Machine Learning},
  volume={8},
  number={3-4},
  pages={229--256},
  year={1992},
  publisher={Springer}
}

@inproceedings{williams:kernel2001,
  title={Using the {N}ystr{\"o}m method to speed up kernel machines},
  author={Williams, Christopher KI and Seeger, Matthias},
  booktitle={Advances in Neural Information Processing Systems},
  pages={682--688},
  year={2001}
}

@inproceedings{winn:vmp2005,
  title={Variational message passing},
  author={Winn, John M and Bishop, Christopher M},
  booktitle={Journal of Machine Learning Research},
  pages={661--694},
  year={2005}
}

@article{wolpert:no_free_lunch1997,
  title={No free lunch theorems for optimization},
  author={Wolpert, David H and Macready, William G},
  journal={IEEE transactions on evolutionary computation},
  volume={1},
  number={1},
  pages={67--82},
  year={1997},
  publisher={IEEE}
}

@inproceedings{wu:quantitative2017,
  title={On the Quantitative Analysis of Decoder-Based Generative Models},
  author={Wu, Yuhuai and Burda, Yuri and Salakhutdinov, Ruslan and Grosse, Roger},
  booktitle={International Conference on Learning Representations},
  year={2017},
  url={https://openreview.net/forum?id=B1M8JF9xx}
}

@inproceedings{xu:sms2014,
  title={Distributed {B}ayesian posterior sampling via moment sharing},
  author={Xu, Minjie and Lakshminarayanan, Balaji and Teh, Yee Whye and Zhu, Jun and Zhang, Bo},
  booktitle={Advances in Neural Information Processing Systems},
  pages={3356--3364},
  year={2014}
}

@incollection{yang:fast2016,
  title={Fast predictive image registration},
  author={Yang, Xiao and Kwitt, Roland and Niethammer, Marc},
  booktitle={Deep Learning and Data Labeling for Medical Applications},
  pages={48--57},
  year={2016},
  publisher={Springer}
}

@article{yedidia:bethe2001,
  title={Bethe free energy, {K}ikuchi approximations, and belief propagation algorithms},
  author={Yedidia, Jonathan S and Freeman, William T and Weiss, Yair},
  journal={Advances in Neural Information Processing Systems},
  year={2001}
}

@article{yedidia:bp2005,
  title={Constructing free-energy approximations and generalized belief propagation algorithms},
  author={Yedidia, Jonathan S and Freeman, William T and Weiss, Yair},
  journal={IEEE Transactions on Information Theory},
  volume={51},
  number={7},
  pages={2282--2312},
  year={2005},
  publisher={IEEE}
}

@inproceedings{yu:seqgan2017,
  title={{SeqGAN}: sequence generative adversarial nets with policy gradient},
  author={Yu, Lantao and Zhang, Weinan and Wang, Jun and Yu, Yong},
  booktitle={Thirty-First AAAI Conference on Artificial Intelligence},
  year={2017}
}

@inproceedings{zhang:understanding2017,
  title={Understanding deep learning requires rethinking generalization},
  author={Zhang, Chiyuan and Bengio, Samy and Hardt, Moritz and Recht, Benjamin and Vinyals, Oriol},
  booktitle={International Conference on Learning Representations},
  year={2017},
  url={https://openreview.net/forum?id=Sy8gdB9xx}
}

@article{zhe:yahoo2016,
  title={Online spike-and-slab Inference with Stochastic Expectation Propagation},
  author={Zhe, Shandian and Lee, Kuang-chih and Zhang, Kai and Neville, Jennifer},
  journal={NIPS 2016 approximate inference workshop},
  year={2016}
}

@inproceedings{zheng:crf_rnn2015,
  title={Conditional random fields as recurrent neural networks},
  author={Zheng, Shuai and Jayasumana, Sadeep and Romera-Paredes, Bernardino and Vineet, Vibhav and Su, Zhizhong and Du, Dalong and Huang, Chang and Torr, Philip HS},
  booktitle={Proceedings of the IEEE International Conference on Computer Vision},
  pages={1529--1537},
  year={2015}
}

@article{zhou:spline2000,
  title={On derivative estimation in spline regression},
  author={Zhou, Shanggang and Wolfe, Douglas A},
  journal={Statistica Sinica},
  pages={93--108},
  year={2000},
  publisher={JSTOR}
}

@techreport{zhu:divergence1995,
  title={Information geometric measurements of generalisation},
  author={Zhu, Huaiyu and Rohwer, Richard},
  year={1995},
  institution={Technical Report NCRG/4350. Aston University.}
}

